%YAML 1.1
%TAG !u! tag:unity3d.com,2011:
--- !u!1 &6074999982302634168
GameObject:
  m_ObjectHideFlags: 0
  m_CorrespondingSourceObject: {fileID: 0}
  m_PrefabInstance: {fileID: 0}
  m_PrefabAsset: {fileID: 0}
  serializedVersion: 6
  m_Component:
  - component: {fileID: 1845530727115273534}
  - component: {fileID: 5885599776634917663}
  m_Layer: 0
  m_Name: RoomBasicPattern (2)
  m_TagString: Untagged
  m_Icon: {fileID: 0}
  m_NavMeshLayer: 0
  m_StaticEditorFlags: 0
  m_IsActive: 1
--- !u!4 &1845530727115273534
Transform:
  m_ObjectHideFlags: 0
  m_CorrespondingSourceObject: {fileID: 0}
  m_PrefabInstance: {fileID: 0}
  m_PrefabAsset: {fileID: 0}
  m_GameObject: {fileID: 6074999982302634168}
  m_LocalRotation: {x: -0, y: -0, z: -0, w: 1}
  m_LocalPosition: {x: 0, y: 0, z: 0}
  m_LocalScale: {x: 1, y: 1, z: 1}
  m_Children:
  - {fileID: 7672104385521160501}
  - {fileID: 3220977557507443430}
  - {fileID: 5356904346734689496}
  - {fileID: 4332151070240447768}
  m_Father: {fileID: 0}
  m_RootOrder: 0
  m_LocalEulerAnglesHint: {x: 0, y: 0, z: 0}
--- !u!114 &5885599776634917663
MonoBehaviour:
  m_ObjectHideFlags: 0
  m_CorrespondingSourceObject: {fileID: 0}
  m_PrefabInstance: {fileID: 0}
  m_PrefabAsset: {fileID: 0}
  m_GameObject: {fileID: 6074999982302634168}
  m_Enabled: 1
  m_EditorHideFlags: 0
  m_Script: {fileID: 11500000, guid: e5101b3a4a1214c978defb84d2895a84, type: 3}
  m_Name: 
  m_EditorClassIdentifier: 
  minLevel: 0
  order:
  - EnemyLevel1
  - EnemyLevel2
  - EnemyweaponLevel1
  - BlackEnvironment
  - EnemyLevel3
  - EnemyweaponLevel2
  - EnemyweaponLevel3
--- !u!1001 &786264075728911378
PrefabInstance:
  m_ObjectHideFlags: 0
  serializedVersion: 2
  m_Modification:
    m_TransformParent: {fileID: 1845530727115273534}
    m_Modifications:
    - target: {fileID: 17340276100783862, guid: d1409aaf6f3ca49018a698b8763d9382,
        type: 3}
      propertyPath: m_ConnectedAnchor.x
      value: 0.010083925
      objectReference: {fileID: 0}
    - target: {fileID: 17340276100783862, guid: d1409aaf6f3ca49018a698b8763d9382,
        type: 3}
      propertyPath: m_ConnectedAnchor.y
      value: 0.011373546
      objectReference: {fileID: 0}
    - target: {fileID: 17340276100783862, guid: d1409aaf6f3ca49018a698b8763d9382,
        type: 3}
      propertyPath: m_ConnectedAnchor.z
      value: -0.0012420155
      objectReference: {fileID: 0}
    - target: {fileID: 1182176072800956385, guid: d1409aaf6f3ca49018a698b8763d9382,
        type: 3}
      propertyPath: m_ConnectedAnchor.y
      value: 0.0113735525
      objectReference: {fileID: 0}
    - target: {fileID: 1182176072800956385, guid: d1409aaf6f3ca49018a698b8763d9382,
        type: 3}
      propertyPath: m_ConnectedAnchor.z
      value: -0.0012420494
      objectReference: {fileID: 0}
    - target: {fileID: 1297014775788128399, guid: d1409aaf6f3ca49018a698b8763d9382,
        type: 3}
      propertyPath: m_ConnectedAnchor.x
      value: -0.00000002142042
      objectReference: {fileID: 0}
    - target: {fileID: 1297014775788128399, guid: d1409aaf6f3ca49018a698b8763d9382,
        type: 3}
      propertyPath: m_ConnectedAnchor.y
      value: 0.010437215
      objectReference: {fileID: 0}
    - target: {fileID: 1297014775788128399, guid: d1409aaf6f3ca49018a698b8763d9382,
        type: 3}
      propertyPath: m_ConnectedAnchor.z
      value: 0.000000012107195
      objectReference: {fileID: 0}
    - target: {fileID: 1495259284824307118, guid: d1409aaf6f3ca49018a698b8763d9382,
        type: 3}
      propertyPath: m_ConnectedAnchor.x
      value: -0.000000010041883
      objectReference: {fileID: 0}
    - target: {fileID: 1495259284824307118, guid: d1409aaf6f3ca49018a698b8763d9382,
        type: 3}
      propertyPath: m_ConnectedAnchor.y
      value: 0.019915612
      objectReference: {fileID: 0}
    - target: {fileID: 1495259284824307118, guid: d1409aaf6f3ca49018a698b8763d9382,
        type: 3}
      propertyPath: m_ConnectedAnchor.z
      value: -0.00018996888
      objectReference: {fileID: 0}
    - target: {fileID: 2905080303338924950, guid: d1409aaf6f3ca49018a698b8763d9382,
        type: 3}
      propertyPath: m_ConnectedAnchor.x
      value: -0.000000008061771
      objectReference: {fileID: 0}
    - target: {fileID: 2905080303338924950, guid: d1409aaf6f3ca49018a698b8763d9382,
        type: 3}
      propertyPath: m_ConnectedAnchor.y
      value: 0.021108389
      objectReference: {fileID: 0}
    - target: {fileID: 2905080303338924950, guid: d1409aaf6f3ca49018a698b8763d9382,
        type: 3}
      propertyPath: m_ConnectedAnchor.z
      value: -0.000000003841846
      objectReference: {fileID: 0}
    - target: {fileID: 3431436035991585268, guid: d1409aaf6f3ca49018a698b8763d9382,
        type: 3}
      propertyPath: m_ConnectedAnchor.x
      value: -0.000000008900191
      objectReference: {fileID: 0}
    - target: {fileID: 3431436035991585268, guid: d1409aaf6f3ca49018a698b8763d9382,
        type: 3}
      propertyPath: m_ConnectedAnchor.y
      value: 0.024322286
      objectReference: {fileID: 0}
    - target: {fileID: 3431436035991585268, guid: d1409aaf6f3ca49018a698b8763d9382,
        type: 3}
      propertyPath: m_ConnectedAnchor.z
      value: -0.0018553084
      objectReference: {fileID: 0}
    - target: {fileID: 4473079936279977056, guid: d1409aaf6f3ca49018a698b8763d9382,
        type: 3}
      propertyPath: m_ConnectedAnchor.y
      value: 0.0019972487
      objectReference: {fileID: 0}
    - target: {fileID: 4473079936279977056, guid: d1409aaf6f3ca49018a698b8763d9382,
        type: 3}
      propertyPath: m_ConnectedAnchor.z
      value: -0.0018432692
      objectReference: {fileID: 0}
    - target: {fileID: 4644060609358044412, guid: d1409aaf6f3ca49018a698b8763d9382,
        type: 3}
      propertyPath: m_ConnectedAnchor.y
      value: 0.0019972483
      objectReference: {fileID: 0}
    - target: {fileID: 4644060609358044412, guid: d1409aaf6f3ca49018a698b8763d9382,
        type: 3}
      propertyPath: m_ConnectedAnchor.z
      value: -0.0018432795
      objectReference: {fileID: 0}
    - target: {fileID: 4665398389261900970, guid: d1409aaf6f3ca49018a698b8763d9382,
        type: 3}
      propertyPath: m_Name
      value: EnemyLevel1 (9)
      objectReference: {fileID: 0}
    - target: {fileID: 4665398389262057674, guid: d1409aaf6f3ca49018a698b8763d9382,
        type: 3}
      propertyPath: m_LocalPosition.x
      value: -1
      objectReference: {fileID: 0}
    - target: {fileID: 4665398389262057674, guid: d1409aaf6f3ca49018a698b8763d9382,
        type: 3}
      propertyPath: m_LocalPosition.y
      value: 0
      objectReference: {fileID: 0}
    - target: {fileID: 4665398389262057674, guid: d1409aaf6f3ca49018a698b8763d9382,
        type: 3}
      propertyPath: m_LocalPosition.z
      value: -3
      objectReference: {fileID: 0}
    - target: {fileID: 4665398389262057674, guid: d1409aaf6f3ca49018a698b8763d9382,
        type: 3}
      propertyPath: m_LocalRotation.x
      value: -0
      objectReference: {fileID: 0}
    - target: {fileID: 4665398389262057674, guid: d1409aaf6f3ca49018a698b8763d9382,
        type: 3}
      propertyPath: m_LocalRotation.y
      value: 1
      objectReference: {fileID: 0}
    - target: {fileID: 4665398389262057674, guid: d1409aaf6f3ca49018a698b8763d9382,
        type: 3}
      propertyPath: m_LocalRotation.z
      value: -0
      objectReference: {fileID: 0}
    - target: {fileID: 4665398389262057674, guid: d1409aaf6f3ca49018a698b8763d9382,
        type: 3}
      propertyPath: m_LocalRotation.w
      value: 0.00000028088027
      objectReference: {fileID: 0}
    - target: {fileID: 4665398389262057674, guid: d1409aaf6f3ca49018a698b8763d9382,
        type: 3}
      propertyPath: m_RootOrder
      value: 2
      objectReference: {fileID: 0}
    - target: {fileID: 4665398389262057674, guid: d1409aaf6f3ca49018a698b8763d9382,
        type: 3}
      propertyPath: m_LocalEulerAnglesHint.x
      value: 0
      objectReference: {fileID: 0}
    - target: {fileID: 4665398389262057674, guid: d1409aaf6f3ca49018a698b8763d9382,
        type: 3}
      propertyPath: m_LocalEulerAnglesHint.y
      value: 179.99998
      objectReference: {fileID: 0}
    - target: {fileID: 4665398389262057674, guid: d1409aaf6f3ca49018a698b8763d9382,
        type: 3}
      propertyPath: m_LocalEulerAnglesHint.z
      value: 0
      objectReference: {fileID: 0}
    - target: {fileID: 5341239823758961445, guid: d1409aaf6f3ca49018a698b8763d9382,
        type: 3}
      propertyPath: m_ConnectedAnchor.x
      value: 0.00000000384171
      objectReference: {fileID: 0}
    - target: {fileID: 5341239823758961445, guid: d1409aaf6f3ca49018a698b8763d9382,
        type: 3}
      propertyPath: m_ConnectedAnchor.z
      value: -0.000000011641954
      objectReference: {fileID: 0}
    - target: {fileID: 6240085686569107126, guid: d1409aaf6f3ca49018a698b8763d9382,
        type: 3}
      propertyPath: m_ConnectedAnchor.x
      value: 0.0000000107102105
      objectReference: {fileID: 0}
    - target: {fileID: 6240085686569107126, guid: d1409aaf6f3ca49018a698b8763d9382,
        type: 3}
      propertyPath: m_ConnectedAnchor.y
      value: 0.010437222
      objectReference: {fileID: 0}
    - target: {fileID: 6240085686569107126, guid: d1409aaf6f3ca49018a698b8763d9382,
        type: 3}
      propertyPath: m_ConnectedAnchor.z
      value: -0.000000014435502
      objectReference: {fileID: 0}
    m_RemovedComponents: []
  m_SourcePrefab: {fileID: 100100000, guid: d1409aaf6f3ca49018a698b8763d9382, type: 3}
--- !u!4 &5356904346734689496 stripped
Transform:
  m_CorrespondingSourceObject: {fileID: 4665398389262057674, guid: d1409aaf6f3ca49018a698b8763d9382,
    type: 3}
  m_PrefabInstance: {fileID: 786264075728911378}
  m_PrefabAsset: {fileID: 0}
--- !u!1001 &3082178859069706751
PrefabInstance:
  m_ObjectHideFlags: 0
  serializedVersion: 2
  m_Modification:
    m_TransformParent: {fileID: 1845530727115273534}
    m_Modifications:
    - target: {fileID: 17340276100783862, guid: d1409aaf6f3ca49018a698b8763d9382,
        type: 3}
      propertyPath: m_ConnectedAnchor.x
      value: 0.010083925
      objectReference: {fileID: 0}
    - target: {fileID: 17340276100783862, guid: d1409aaf6f3ca49018a698b8763d9382,
        type: 3}
      propertyPath: m_ConnectedAnchor.y
      value: 0.01137355
      objectReference: {fileID: 0}
    - target: {fileID: 17340276100783862, guid: d1409aaf6f3ca49018a698b8763d9382,
        type: 3}
      propertyPath: m_ConnectedAnchor.z
      value: -0.0012420375
      objectReference: {fileID: 0}
    - target: {fileID: 1182176072800956385, guid: d1409aaf6f3ca49018a698b8763d9382,
        type: 3}
      propertyPath: m_ConnectedAnchor.y
      value: 0.011373549
      objectReference: {fileID: 0}
    - target: {fileID: 1182176072800956385, guid: d1409aaf6f3ca49018a698b8763d9382,
        type: 3}
      propertyPath: m_ConnectedAnchor.z
      value: -0.0012420275
      objectReference: {fileID: 0}
    - target: {fileID: 1297014775788128399, guid: d1409aaf6f3ca49018a698b8763d9382,
        type: 3}
      propertyPath: m_ConnectedAnchor.x
      value: -0.000000020721927
      objectReference: {fileID: 0}
    - target: {fileID: 1297014775788128399, guid: d1409aaf6f3ca49018a698b8763d9382,
        type: 3}
      propertyPath: m_ConnectedAnchor.y
      value: 0.010437215
      objectReference: {fileID: 0}
    - target: {fileID: 1297014775788128399, guid: d1409aaf6f3ca49018a698b8763d9382,
        type: 3}
      propertyPath: m_ConnectedAnchor.z
      value: -0.000000010011719
      objectReference: {fileID: 0}
    - target: {fileID: 1495259284824307118, guid: d1409aaf6f3ca49018a698b8763d9382,
        type: 3}
      propertyPath: m_ConnectedAnchor.x
      value: -0.000000010041883
      objectReference: {fileID: 0}
    - target: {fileID: 1495259284824307118, guid: d1409aaf6f3ca49018a698b8763d9382,
        type: 3}
      propertyPath: m_ConnectedAnchor.y
      value: 0.019915612
      objectReference: {fileID: 0}
    - target: {fileID: 1495259284824307118, guid: d1409aaf6f3ca49018a698b8763d9382,
        type: 3}
      propertyPath: m_ConnectedAnchor.z
      value: -0.00018996888
      objectReference: {fileID: 0}
    - target: {fileID: 2905080303338924950, guid: d1409aaf6f3ca49018a698b8763d9382,
        type: 3}
      propertyPath: m_ConnectedAnchor.x
      value: -0.000000008061771
      objectReference: {fileID: 0}
    - target: {fileID: 2905080303338924950, guid: d1409aaf6f3ca49018a698b8763d9382,
        type: 3}
      propertyPath: m_ConnectedAnchor.y
      value: 0.021108389
      objectReference: {fileID: 0}
    - target: {fileID: 2905080303338924950, guid: d1409aaf6f3ca49018a698b8763d9382,
        type: 3}
      propertyPath: m_ConnectedAnchor.z
      value: -0.000000003841846
      objectReference: {fileID: 0}
    - target: {fileID: 3431436035991585268, guid: d1409aaf6f3ca49018a698b8763d9382,
        type: 3}
      propertyPath: m_ConnectedAnchor.x
      value: -0.000000008900191
      objectReference: {fileID: 0}
    - target: {fileID: 3431436035991585268, guid: d1409aaf6f3ca49018a698b8763d9382,
        type: 3}
      propertyPath: m_ConnectedAnchor.y
      value: 0.024322286
      objectReference: {fileID: 0}
    - target: {fileID: 3431436035991585268, guid: d1409aaf6f3ca49018a698b8763d9382,
        type: 3}
      propertyPath: m_ConnectedAnchor.z
      value: -0.0018553084
      objectReference: {fileID: 0}
    - target: {fileID: 4473079936279977056, guid: d1409aaf6f3ca49018a698b8763d9382,
        type: 3}
      propertyPath: m_ConnectedAnchor.y
      value: 0.0019972487
      objectReference: {fileID: 0}
    - target: {fileID: 4473079936279977056, guid: d1409aaf6f3ca49018a698b8763d9382,
        type: 3}
      propertyPath: m_ConnectedAnchor.z
      value: -0.0018432692
      objectReference: {fileID: 0}
    - target: {fileID: 4644060609358044412, guid: d1409aaf6f3ca49018a698b8763d9382,
        type: 3}
      propertyPath: m_ConnectedAnchor.y
      value: 0.0019972497
      objectReference: {fileID: 0}
    - target: {fileID: 4644060609358044412, guid: d1409aaf6f3ca49018a698b8763d9382,
        type: 3}
      propertyPath: m_ConnectedAnchor.z
      value: -0.0018432566
      objectReference: {fileID: 0}
    - target: {fileID: 4665398389261900970, guid: d1409aaf6f3ca49018a698b8763d9382,
        type: 3}
      propertyPath: m_Name
      value: EnemyLevel1 (3)
      objectReference: {fileID: 0}
    - target: {fileID: 4665398389262057674, guid: d1409aaf6f3ca49018a698b8763d9382,
        type: 3}
      propertyPath: m_LocalPosition.x
      value: -1
      objectReference: {fileID: 0}
    - target: {fileID: 4665398389262057674, guid: d1409aaf6f3ca49018a698b8763d9382,
        type: 3}
      propertyPath: m_LocalPosition.y
      value: 0
      objectReference: {fileID: 0}
    - target: {fileID: 4665398389262057674, guid: d1409aaf6f3ca49018a698b8763d9382,
        type: 3}
      propertyPath: m_LocalPosition.z
      value: -1
      objectReference: {fileID: 0}
    - target: {fileID: 4665398389262057674, guid: d1409aaf6f3ca49018a698b8763d9382,
        type: 3}
      propertyPath: m_LocalRotation.x
      value: -0
      objectReference: {fileID: 0}
    - target: {fileID: 4665398389262057674, guid: d1409aaf6f3ca49018a698b8763d9382,
        type: 3}
      propertyPath: m_LocalRotation.y
      value: 1
      objectReference: {fileID: 0}
    - target: {fileID: 4665398389262057674, guid: d1409aaf6f3ca49018a698b8763d9382,
        type: 3}
      propertyPath: m_LocalRotation.z
      value: -0
      objectReference: {fileID: 0}
    - target: {fileID: 4665398389262057674, guid: d1409aaf6f3ca49018a698b8763d9382,
        type: 3}
      propertyPath: m_LocalRotation.w
      value: 0.00000028088027
      objectReference: {fileID: 0}
    - target: {fileID: 4665398389262057674, guid: d1409aaf6f3ca49018a698b8763d9382,
        type: 3}
      propertyPath: m_RootOrder
      value: 0
      objectReference: {fileID: 0}
    - target: {fileID: 4665398389262057674, guid: d1409aaf6f3ca49018a698b8763d9382,
        type: 3}
      propertyPath: m_LocalEulerAnglesHint.x
      value: 0
      objectReference: {fileID: 0}
    - target: {fileID: 4665398389262057674, guid: d1409aaf6f3ca49018a698b8763d9382,
        type: 3}
      propertyPath: m_LocalEulerAnglesHint.y
      value: 179.99998
      objectReference: {fileID: 0}
    - target: {fileID: 4665398389262057674, guid: d1409aaf6f3ca49018a698b8763d9382,
        type: 3}
      propertyPath: m_LocalEulerAnglesHint.z
      value: 0
      objectReference: {fileID: 0}
    - target: {fileID: 5341239823758961445, guid: d1409aaf6f3ca49018a698b8763d9382,
        type: 3}
      propertyPath: m_ConnectedAnchor.x
      value: 0.00000000384171
      objectReference: {fileID: 0}
    - target: {fileID: 5341239823758961445, guid: d1409aaf6f3ca49018a698b8763d9382,
        type: 3}
      propertyPath: m_ConnectedAnchor.z
      value: -0.000000011641954
      objectReference: {fileID: 0}
    - target: {fileID: 6240085686569107126, guid: d1409aaf6f3ca49018a698b8763d9382,
        type: 3}
      propertyPath: m_ConnectedAnchor.x
      value: 0.0000000107102105
      objectReference: {fileID: 0}
    - target: {fileID: 6240085686569107126, guid: d1409aaf6f3ca49018a698b8763d9382,
        type: 3}
      propertyPath: m_ConnectedAnchor.y
      value: 0.010437222
      objectReference: {fileID: 0}
    - target: {fileID: 6240085686569107126, guid: d1409aaf6f3ca49018a698b8763d9382,
        type: 3}
      propertyPath: m_ConnectedAnchor.z
      value: -0.000000014435502
      objectReference: {fileID: 0}
    m_RemovedComponents: []
  m_SourcePrefab: {fileID: 100100000, guid: d1409aaf6f3ca49018a698b8763d9382, type: 3}
--- !u!4 &7672104385521160501 stripped
Transform:
  m_CorrespondingSourceObject: {fileID: 4665398389262057674, guid: d1409aaf6f3ca49018a698b8763d9382,
    type: 3}
  m_PrefabInstance: {fileID: 3082178859069706751}
  m_PrefabAsset: {fileID: 0}
--- !u!1001 &7786131222959852076
PrefabInstance:
  m_ObjectHideFlags: 0
  serializedVersion: 2
  m_Modification:
    m_TransformParent: {fileID: 1845530727115273534}
    m_Modifications:
    - target: {fileID: 17340276100783862, guid: d1409aaf6f3ca49018a698b8763d9382,
        type: 3}
      propertyPath: m_ConnectedAnchor.x
      value: 0.010083925
      objectReference: {fileID: 0}
    - target: {fileID: 17340276100783862, guid: d1409aaf6f3ca49018a698b8763d9382,
        type: 3}
      propertyPath: m_ConnectedAnchor.y
      value: 0.01137355
      objectReference: {fileID: 0}
    - target: {fileID: 17340276100783862, guid: d1409aaf6f3ca49018a698b8763d9382,
        type: 3}
      propertyPath: m_ConnectedAnchor.z
      value: -0.0012420375
      objectReference: {fileID: 0}
    - target: {fileID: 1182176072800956385, guid: d1409aaf6f3ca49018a698b8763d9382,
        type: 3}
      propertyPath: m_ConnectedAnchor.y
      value: 0.011373549
      objectReference: {fileID: 0}
    - target: {fileID: 1182176072800956385, guid: d1409aaf6f3ca49018a698b8763d9382,
        type: 3}
      propertyPath: m_ConnectedAnchor.z
      value: -0.0012420275
      objectReference: {fileID: 0}
    - target: {fileID: 1182176072800956385, guid: d1409aaf6f3ca49018a698b8763d9382,
        type: 3}
      propertyPath: m_ConnectedAnchor.x
      value: -0.010083924
      objectReference: {fileID: 0}
    - target: {fileID: 1297014775788128399, guid: d1409aaf6f3ca49018a698b8763d9382,
        type: 3}
      propertyPath: m_ConnectedAnchor.x
      value: -0.000000020721927
      objectReference: {fileID: 0}
    - target: {fileID: 1297014775788128399, guid: d1409aaf6f3ca49018a698b8763d9382,
        type: 3}
      propertyPath: m_ConnectedAnchor.y
      value: 0.010437215
      objectReference: {fileID: 0}
    - target: {fileID: 1297014775788128399, guid: d1409aaf6f3ca49018a698b8763d9382,
        type: 3}
      propertyPath: m_ConnectedAnchor.z
      value: -0.000000010011719
      objectReference: {fileID: 0}
    - target: {fileID: 1495259284824307118, guid: d1409aaf6f3ca49018a698b8763d9382,
        type: 3}
      propertyPath: m_ConnectedAnchor.x
      value: -0.000000010041883
      objectReference: {fileID: 0}
    - target: {fileID: 1495259284824307118, guid: d1409aaf6f3ca49018a698b8763d9382,
        type: 3}
      propertyPath: m_ConnectedAnchor.y
      value: 0.019915612
      objectReference: {fileID: 0}
    - target: {fileID: 1495259284824307118, guid: d1409aaf6f3ca49018a698b8763d9382,
        type: 3}
      propertyPath: m_ConnectedAnchor.z
      value: -0.00018996888
      objectReference: {fileID: 0}
    - target: {fileID: 2905080303338924950, guid: d1409aaf6f3ca49018a698b8763d9382,
        type: 3}
      propertyPath: m_ConnectedAnchor.x
      value: -0.000000008061771
      objectReference: {fileID: 0}
    - target: {fileID: 2905080303338924950, guid: d1409aaf6f3ca49018a698b8763d9382,
        type: 3}
      propertyPath: m_ConnectedAnchor.y
      value: 0.021108389
      objectReference: {fileID: 0}
    - target: {fileID: 2905080303338924950, guid: d1409aaf6f3ca49018a698b8763d9382,
        type: 3}
      propertyPath: m_ConnectedAnchor.z
      value: -0.000000003841846
      objectReference: {fileID: 0}
    - target: {fileID: 3431436035991585268, guid: d1409aaf6f3ca49018a698b8763d9382,
        type: 3}
      propertyPath: m_ConnectedAnchor.x
      value: -0.000000008900191
      objectReference: {fileID: 0}
    - target: {fileID: 3431436035991585268, guid: d1409aaf6f3ca49018a698b8763d9382,
        type: 3}
      propertyPath: m_ConnectedAnchor.y
      value: 0.024322286
      objectReference: {fileID: 0}
    - target: {fileID: 3431436035991585268, guid: d1409aaf6f3ca49018a698b8763d9382,
        type: 3}
      propertyPath: m_ConnectedAnchor.z
      value: -0.0018553084
      objectReference: {fileID: 0}
    - target: {fileID: 4473079936279977056, guid: d1409aaf6f3ca49018a698b8763d9382,
        type: 3}
      propertyPath: m_ConnectedAnchor.y
      value: 0.0019972487
      objectReference: {fileID: 0}
    - target: {fileID: 4473079936279977056, guid: d1409aaf6f3ca49018a698b8763d9382,
        type: 3}
      propertyPath: m_ConnectedAnchor.z
      value: -0.0018432692
      objectReference: {fileID: 0}
    - target: {fileID: 4473079936279977056, guid: d1409aaf6f3ca49018a698b8763d9382,
        type: 3}
      propertyPath: m_ConnectedAnchor.x
      value: -0.0077029304
      objectReference: {fileID: 0}
    - target: {fileID: 4644060609358044412, guid: d1409aaf6f3ca49018a698b8763d9382,
        type: 3}
      propertyPath: m_ConnectedAnchor.y
      value: 0.0019972497
      objectReference: {fileID: 0}
    - target: {fileID: 4644060609358044412, guid: d1409aaf6f3ca49018a698b8763d9382,
        type: 3}
      propertyPath: m_ConnectedAnchor.z
      value: -0.0018432566
      objectReference: {fileID: 0}
    - target: {fileID: 4644060609358044412, guid: d1409aaf6f3ca49018a698b8763d9382,
        type: 3}
      propertyPath: m_ConnectedAnchor.x
      value: 0.0077029346
      objectReference: {fileID: 0}
    - target: {fileID: 4665398389261900970, guid: d1409aaf6f3ca49018a698b8763d9382,
        type: 3}
      propertyPath: m_Name
      value: EnemyLevel1 (4)
      objectReference: {fileID: 0}
    - target: {fileID: 4665398389262057674, guid: d1409aaf6f3ca49018a698b8763d9382,
        type: 3}
      propertyPath: m_LocalPosition.x
      value: 1
      objectReference: {fileID: 0}
    - target: {fileID: 4665398389262057674, guid: d1409aaf6f3ca49018a698b8763d9382,
        type: 3}
      propertyPath: m_LocalPosition.y
      value: 0
      objectReference: {fileID: 0}
    - target: {fileID: 4665398389262057674, guid: d1409aaf6f3ca49018a698b8763d9382,
        type: 3}
      propertyPath: m_LocalPosition.z
      value: -1
      objectReference: {fileID: 0}
    - target: {fileID: 4665398389262057674, guid: d1409aaf6f3ca49018a698b8763d9382,
        type: 3}
      propertyPath: m_LocalRotation.x
      value: -0
      objectReference: {fileID: 0}
    - target: {fileID: 4665398389262057674, guid: d1409aaf6f3ca49018a698b8763d9382,
        type: 3}
      propertyPath: m_LocalRotation.y
      value: 1
      objectReference: {fileID: 0}
    - target: {fileID: 4665398389262057674, guid: d1409aaf6f3ca49018a698b8763d9382,
        type: 3}
      propertyPath: m_LocalRotation.z
      value: -0
      objectReference: {fileID: 0}
    - target: {fileID: 4665398389262057674, guid: d1409aaf6f3ca49018a698b8763d9382,
        type: 3}
      propertyPath: m_LocalRotation.w
      value: 0.00000028088027
      objectReference: {fileID: 0}
    - target: {fileID: 4665398389262057674, guid: d1409aaf6f3ca49018a698b8763d9382,
        type: 3}
      propertyPath: m_RootOrder
      value: 1
      objectReference: {fileID: 0}
    - target: {fileID: 4665398389262057674, guid: d1409aaf6f3ca49018a698b8763d9382,
        type: 3}
      propertyPath: m_LocalEulerAnglesHint.x
      value: 0
      objectReference: {fileID: 0}
    - target: {fileID: 4665398389262057674, guid: d1409aaf6f3ca49018a698b8763d9382,
        type: 3}
      propertyPath: m_LocalEulerAnglesHint.y
      value: 179.99998
      objectReference: {fileID: 0}
    - target: {fileID: 4665398389262057674, guid: d1409aaf6f3ca49018a698b8763d9382,
        type: 3}
      propertyPath: m_LocalEulerAnglesHint.z
      value: 0
      objectReference: {fileID: 0}
    - target: {fileID: 5341239823758961445, guid: d1409aaf6f3ca49018a698b8763d9382,
        type: 3}
      propertyPath: m_ConnectedAnchor.x
      value: 0.00000000384171
      objectReference: {fileID: 0}
    - target: {fileID: 5341239823758961445, guid: d1409aaf6f3ca49018a698b8763d9382,
        type: 3}
      propertyPath: m_ConnectedAnchor.z
      value: -0.000000011641954
      objectReference: {fileID: 0}
    - target: {fileID: 6240085686569107126, guid: d1409aaf6f3ca49018a698b8763d9382,
        type: 3}
      propertyPath: m_ConnectedAnchor.x
      value: 0.0000000107102105
      objectReference: {fileID: 0}
    - target: {fileID: 6240085686569107126, guid: d1409aaf6f3ca49018a698b8763d9382,
        type: 3}
      propertyPath: m_ConnectedAnchor.y
      value: 0.010437222
      objectReference: {fileID: 0}
    - target: {fileID: 6240085686569107126, guid: d1409aaf6f3ca49018a698b8763d9382,
        type: 3}
      propertyPath: m_ConnectedAnchor.z
      value: -0.000000014435502
      objectReference: {fileID: 0}
    m_RemovedComponents: []
  m_SourcePrefab: {fileID: 100100000, guid: d1409aaf6f3ca49018a698b8763d9382, type: 3}
--- !u!4 &3220977557507443430 stripped
Transform:
  m_CorrespondingSourceObject: {fileID: 4665398389262057674, guid: d1409aaf6f3ca49018a698b8763d9382,
    type: 3}
  m_PrefabInstance: {fileID: 7786131222959852076}
  m_PrefabAsset: {fileID: 0}
--- !u!1001 &8980238610224094674
PrefabInstance:
  m_ObjectHideFlags: 0
  serializedVersion: 2
  m_Modification:
    m_TransformParent: {fileID: 1845530727115273534}
    m_Modifications:
    - target: {fileID: 17340276100783862, guid: d1409aaf6f3ca49018a698b8763d9382,
        type: 3}
      propertyPath: m_ConnectedAnchor.x
      value: 0.010083925
      objectReference: {fileID: 0}
    - target: {fileID: 17340276100783862, guid: d1409aaf6f3ca49018a698b8763d9382,
        type: 3}
      propertyPath: m_ConnectedAnchor.y
      value: 0.011373546
      objectReference: {fileID: 0}
    - target: {fileID: 17340276100783862, guid: d1409aaf6f3ca49018a698b8763d9382,
        type: 3}
      propertyPath: m_ConnectedAnchor.z
      value: -0.0012420155
      objectReference: {fileID: 0}
    - target: {fileID: 1182176072800956385, guid: d1409aaf6f3ca49018a698b8763d9382,
        type: 3}
      propertyPath: m_ConnectedAnchor.y
      value: 0.0113735525
      objectReference: {fileID: 0}
    - target: {fileID: 1182176072800956385, guid: d1409aaf6f3ca49018a698b8763d9382,
        type: 3}
      propertyPath: m_ConnectedAnchor.z
      value: -0.0012420494
      objectReference: {fileID: 0}
    - target: {fileID: 1182176072800956385, guid: d1409aaf6f3ca49018a698b8763d9382,
        type: 3}
      propertyPath: m_ConnectedAnchor.x
      value: -0.010083924
      objectReference: {fileID: 0}
    - target: {fileID: 1297014775788128399, guid: d1409aaf6f3ca49018a698b8763d9382,
        type: 3}
      propertyPath: m_ConnectedAnchor.x
      value: -0.00000002142042
      objectReference: {fileID: 0}
    - target: {fileID: 1297014775788128399, guid: d1409aaf6f3ca49018a698b8763d9382,
        type: 3}
      propertyPath: m_ConnectedAnchor.y
      value: 0.010437215
      objectReference: {fileID: 0}
    - target: {fileID: 1297014775788128399, guid: d1409aaf6f3ca49018a698b8763d9382,
        type: 3}
      propertyPath: m_ConnectedAnchor.z
      value: 0.000000012107195
      objectReference: {fileID: 0}
    - target: {fileID: 1495259284824307118, guid: d1409aaf6f3ca49018a698b8763d9382,
        type: 3}
      propertyPath: m_ConnectedAnchor.x
      value: -0.000000010041883
      objectReference: {fileID: 0}
    - target: {fileID: 1495259284824307118, guid: d1409aaf6f3ca49018a698b8763d9382,
        type: 3}
      propertyPath: m_ConnectedAnchor.y
      value: 0.019915612
      objectReference: {fileID: 0}
    - target: {fileID: 1495259284824307118, guid: d1409aaf6f3ca49018a698b8763d9382,
        type: 3}
      propertyPath: m_ConnectedAnchor.z
      value: -0.00018996888
      objectReference: {fileID: 0}
    - target: {fileID: 2905080303338924950, guid: d1409aaf6f3ca49018a698b8763d9382,
        type: 3}
      propertyPath: m_ConnectedAnchor.x
      value: -0.000000008061771
      objectReference: {fileID: 0}
    - target: {fileID: 2905080303338924950, guid: d1409aaf6f3ca49018a698b8763d9382,
        type: 3}
      propertyPath: m_ConnectedAnchor.y
      value: 0.021108389
      objectReference: {fileID: 0}
    - target: {fileID: 2905080303338924950, guid: d1409aaf6f3ca49018a698b8763d9382,
        type: 3}
      propertyPath: m_ConnectedAnchor.z
      value: -0.000000003841846
      objectReference: {fileID: 0}
    - target: {fileID: 3431436035991585268, guid: d1409aaf6f3ca49018a698b8763d9382,
        type: 3}
      propertyPath: m_ConnectedAnchor.x
      value: -0.000000008900191
      objectReference: {fileID: 0}
    - target: {fileID: 3431436035991585268, guid: d1409aaf6f3ca49018a698b8763d9382,
        type: 3}
      propertyPath: m_ConnectedAnchor.y
      value: 0.024322286
      objectReference: {fileID: 0}
    - target: {fileID: 3431436035991585268, guid: d1409aaf6f3ca49018a698b8763d9382,
        type: 3}
      propertyPath: m_ConnectedAnchor.z
      value: -0.0018553084
      objectReference: {fileID: 0}
    - target: {fileID: 4473079936279977056, guid: d1409aaf6f3ca49018a698b8763d9382,
        type: 3}
      propertyPath: m_ConnectedAnchor.y
      value: 0.0019972487
      objectReference: {fileID: 0}
    - target: {fileID: 4473079936279977056, guid: d1409aaf6f3ca49018a698b8763d9382,
        type: 3}
      propertyPath: m_ConnectedAnchor.z
      value: -0.0018432692
      objectReference: {fileID: 0}
    - target: {fileID: 4473079936279977056, guid: d1409aaf6f3ca49018a698b8763d9382,
        type: 3}
      propertyPath: m_ConnectedAnchor.x
      value: -0.0077029304
      objectReference: {fileID: 0}
    - target: {fileID: 4644060609358044412, guid: d1409aaf6f3ca49018a698b8763d9382,
        type: 3}
      propertyPath: m_ConnectedAnchor.y
      value: 0.0019972483
      objectReference: {fileID: 0}
    - target: {fileID: 4644060609358044412, guid: d1409aaf6f3ca49018a698b8763d9382,
        type: 3}
      propertyPath: m_ConnectedAnchor.z
      value: -0.0018432795
      objectReference: {fileID: 0}
    - target: {fileID: 4644060609358044412, guid: d1409aaf6f3ca49018a698b8763d9382,
        type: 3}
      propertyPath: m_ConnectedAnchor.x
      value: 0.0077029346
      objectReference: {fileID: 0}
    - target: {fileID: 4665398389261900970, guid: d1409aaf6f3ca49018a698b8763d9382,
        type: 3}
      propertyPath: m_Name
      value: EnemyLevel1 (10)
      objectReference: {fileID: 0}
    - target: {fileID: 4665398389262057674, guid: d1409aaf6f3ca49018a698b8763d9382,
        type: 3}
      propertyPath: m_LocalPosition.x
      value: 1
      objectReference: {fileID: 0}
    - target: {fileID: 4665398389262057674, guid: d1409aaf6f3ca49018a698b8763d9382,
        type: 3}
      propertyPath: m_LocalPosition.y
      value: 0
      objectReference: {fileID: 0}
    - target: {fileID: 4665398389262057674, guid: d1409aaf6f3ca49018a698b8763d9382,
        type: 3}
      propertyPath: m_LocalPosition.z
      value: -3
      objectReference: {fileID: 0}
    - target: {fileID: 4665398389262057674, guid: d1409aaf6f3ca49018a698b8763d9382,
        type: 3}
      propertyPath: m_LocalRotation.x
      value: -0
      objectReference: {fileID: 0}
    - target: {fileID: 4665398389262057674, guid: d1409aaf6f3ca49018a698b8763d9382,
        type: 3}
      propertyPath: m_LocalRotation.y
      value: 1
      objectReference: {fileID: 0}
    - target: {fileID: 4665398389262057674, guid: d1409aaf6f3ca49018a698b8763d9382,
        type: 3}
      propertyPath: m_LocalRotation.z
      value: -0
      objectReference: {fileID: 0}
    - target: {fileID: 4665398389262057674, guid: d1409aaf6f3ca49018a698b8763d9382,
        type: 3}
      propertyPath: m_LocalRotation.w
      value: 0.00000028088027
      objectReference: {fileID: 0}
    - target: {fileID: 4665398389262057674, guid: d1409aaf6f3ca49018a698b8763d9382,
        type: 3}
      propertyPath: m_RootOrder
      value: 3
      objectReference: {fileID: 0}
    - target: {fileID: 4665398389262057674, guid: d1409aaf6f3ca49018a698b8763d9382,
        type: 3}
      propertyPath: m_LocalEulerAnglesHint.x
      value: 0
      objectReference: {fileID: 0}
    - target: {fileID: 4665398389262057674, guid: d1409aaf6f3ca49018a698b8763d9382,
        type: 3}
      propertyPath: m_LocalEulerAnglesHint.y
      value: 179.99998
      objectReference: {fileID: 0}
    - target: {fileID: 4665398389262057674, guid: d1409aaf6f3ca49018a698b8763d9382,
        type: 3}
      propertyPath: m_LocalEulerAnglesHint.z
      value: 0
      objectReference: {fileID: 0}
    - target: {fileID: 5341239823758961445, guid: d1409aaf6f3ca49018a698b8763d9382,
        type: 3}
      propertyPath: m_ConnectedAnchor.x
      value: 0.00000000384171
      objectReference: {fileID: 0}
    - target: {fileID: 5341239823758961445, guid: d1409aaf6f3ca49018a698b8763d9382,
        type: 3}
      propertyPath: m_ConnectedAnchor.z
      value: -0.000000011641954
      objectReference: {fileID: 0}
    - target: {fileID: 6240085686569107126, guid: d1409aaf6f3ca49018a698b8763d9382,
        type: 3}
      propertyPath: m_ConnectedAnchor.x
      value: 0.0000000107102105
      objectReference: {fileID: 0}
    - target: {fileID: 6240085686569107126, guid: d1409aaf6f3ca49018a698b8763d9382,
        type: 3}
      propertyPath: m_ConnectedAnchor.y
      value: 0.010437222
      objectReference: {fileID: 0}
    - target: {fileID: 6240085686569107126, guid: d1409aaf6f3ca49018a698b8763d9382,
        type: 3}
      propertyPath: m_ConnectedAnchor.z
      value: -0.000000014435502
      objectReference: {fileID: 0}
    m_RemovedComponents: []
  m_SourcePrefab: {fileID: 100100000, guid: d1409aaf6f3ca49018a698b8763d9382, type: 3}
--- !u!4 &4332151070240447768 stripped
Transform:
  m_CorrespondingSourceObject: {fileID: 4665398389262057674, guid: d1409aaf6f3ca49018a698b8763d9382,
    type: 3}
  m_PrefabInstance: {fileID: 8980238610224094674}
  m_PrefabAsset: {fileID: 0}
