%YAML 1.1
%TAG !u! tag:unity3d.com,2011:
--- !u!1 &6095359406042821287
GameObject:
  m_ObjectHideFlags: 0
  m_CorrespondingSourceObject: {fileID: 0}
  m_PrefabInstance: {fileID: 0}
  m_PrefabAsset: {fileID: 0}
  serializedVersion: 6
  m_Component:
  - component: {fileID: 189206764367710691}
  - component: {fileID: 569979940063698178}
  m_Layer: 0
  m_Name: RoomBasicPattern (4)
  m_TagString: Untagged
  m_Icon: {fileID: 0}
  m_NavMeshLayer: 0
  m_StaticEditorFlags: 0
  m_IsActive: 1
--- !u!4 &189206764367710691
Transform:
  m_ObjectHideFlags: 0
  m_CorrespondingSourceObject: {fileID: 0}
  m_PrefabInstance: {fileID: 0}
  m_PrefabAsset: {fileID: 0}
  m_GameObject: {fileID: 6095359406042821287}
  m_LocalRotation: {x: -0, y: -0, z: -0, w: 1}
  m_LocalPosition: {x: 0, y: 0, z: 0}
  m_LocalScale: {x: 1, y: 1, z: 1}
  m_Children:
  - {fileID: 4179464790797401238}
  - {fileID: 5173634712775834147}
  m_Father: {fileID: 0}
  m_RootOrder: 0
  m_LocalEulerAnglesHint: {x: 0, y: 0, z: 0}
--- !u!114 &569979940063698178
MonoBehaviour:
  m_ObjectHideFlags: 0
  m_CorrespondingSourceObject: {fileID: 0}
  m_PrefabInstance: {fileID: 0}
  m_PrefabAsset: {fileID: 0}
  m_GameObject: {fileID: 6095359406042821287}
  m_Enabled: 1
  m_EditorHideFlags: 0
  m_Script: {fileID: 11500000, guid: e5101b3a4a1214c978defb84d2895a84, type: 3}
  m_Name: 
  m_EditorClassIdentifier: 
  minLevel: 6
  order:
  - EnemyLevel1
  - EnemyLevel2
  - EnemyweaponLevel1
  - BlackEnvironment
  - EnemyLevel3
  - EnemyweaponLevel2
  - EnemyweaponLevel3
--- !u!1001 &2713145031528549955
PrefabInstance:
  m_ObjectHideFlags: 0
  serializedVersion: 2
  m_Modification:
    m_TransformParent: {fileID: 189206764367710691}
    m_Modifications:
    - target: {fileID: 32590463929998885, guid: a2227d38099164f9ea4fec61bee14dda,
        type: 3}
      propertyPath: m_ConnectedAnchor.x
      value: 0.00000000384171
      objectReference: {fileID: 0}
    - target: {fileID: 32590463929998885, guid: a2227d38099164f9ea4fec61bee14dda,
        type: 3}
      propertyPath: m_ConnectedAnchor.z
      value: -4.6567816e-10
      objectReference: {fileID: 0}
    - target: {fileID: 281913908308828760, guid: a2227d38099164f9ea4fec61bee14dda,
        type: 3}
      propertyPath: m_ConnectedAnchor.x
      value: -0.000000020489097
      objectReference: {fileID: 0}
    - target: {fileID: 281913908308828760, guid: a2227d38099164f9ea4fec61bee14dda,
        type: 3}
      propertyPath: m_ConnectedAnchor.y
      value: 0.010437214
      objectReference: {fileID: 0}
    - target: {fileID: 281913908308828760, guid: a2227d38099164f9ea4fec61bee14dda,
        type: 3}
      propertyPath: m_ConnectedAnchor.z
      value: 0.0000000013969841
      objectReference: {fileID: 0}
    - target: {fileID: 540692074110072957, guid: a2227d38099164f9ea4fec61bee14dda,
        type: 3}
      propertyPath: m_ConnectedAnchor.x
      value: -0.0077029304
      objectReference: {fileID: 0}
    - target: {fileID: 540692074110072957, guid: a2227d38099164f9ea4fec61bee14dda,
        type: 3}
      propertyPath: m_ConnectedAnchor.y
      value: 0.0019972487
      objectReference: {fileID: 0}
    - target: {fileID: 540692074110072957, guid: a2227d38099164f9ea4fec61bee14dda,
        type: 3}
      propertyPath: m_ConnectedAnchor.z
      value: -0.0018432692
      objectReference: {fileID: 0}
    - target: {fileID: 1830548543789366682, guid: a2227d38099164f9ea4fec61bee14dda,
        type: 3}
      propertyPath: m_ConnectedAnchor.y
      value: 0.011373549
      objectReference: {fileID: 0}
    - target: {fileID: 1830548543789366682, guid: a2227d38099164f9ea4fec61bee14dda,
        type: 3}
      propertyPath: m_ConnectedAnchor.z
      value: -0.0012420303
      objectReference: {fileID: 0}
    - target: {fileID: 1830548543789366682, guid: a2227d38099164f9ea4fec61bee14dda,
        type: 3}
      propertyPath: m_ConnectedAnchor.x
      value: 0.010083925
      objectReference: {fileID: 0}
    - target: {fileID: 2267420513521056984, guid: a2227d38099164f9ea4fec61bee14dda,
        type: 3}
      propertyPath: m_ConnectedAnchor.x
      value: -0.000000008061771
      objectReference: {fileID: 0}
    - target: {fileID: 2267420513521056984, guid: a2227d38099164f9ea4fec61bee14dda,
        type: 3}
      propertyPath: m_ConnectedAnchor.y
      value: 0.021108389
      objectReference: {fileID: 0}
    - target: {fileID: 2267420513521056984, guid: a2227d38099164f9ea4fec61bee14dda,
        type: 3}
      propertyPath: m_ConnectedAnchor.z
      value: -0.000000003841846
      objectReference: {fileID: 0}
    - target: {fileID: 3777441923108264892, guid: a2227d38099164f9ea4fec61bee14dda,
        type: 3}
      propertyPath: m_ConnectedAnchor.x
      value: 0.0077029346
      objectReference: {fileID: 0}
    - target: {fileID: 3777441923108264892, guid: a2227d38099164f9ea4fec61bee14dda,
        type: 3}
      propertyPath: m_ConnectedAnchor.y
      value: 0.001997249
      objectReference: {fileID: 0}
    - target: {fileID: 3777441923108264892, guid: a2227d38099164f9ea4fec61bee14dda,
        type: 3}
      propertyPath: m_ConnectedAnchor.z
      value: -0.0018432678
      objectReference: {fileID: 0}
    - target: {fileID: 4764139380776096538, guid: a2227d38099164f9ea4fec61bee14dda,
        type: 3}
      propertyPath: m_ConnectedAnchor.x
      value: 0.000000011175873
      objectReference: {fileID: 0}
    - target: {fileID: 4764139380776096538, guid: a2227d38099164f9ea4fec61bee14dda,
        type: 3}
      propertyPath: m_ConnectedAnchor.y
      value: 0.010437224
      objectReference: {fileID: 0}
    - target: {fileID: 4764139380776096538, guid: a2227d38099164f9ea4fec61bee14dda,
        type: 3}
      propertyPath: m_ConnectedAnchor.z
      value: -0.0000000039581214
      objectReference: {fileID: 0}
    - target: {fileID: 5463859073951553924, guid: a2227d38099164f9ea4fec61bee14dda,
        type: 3}
      propertyPath: m_ConnectedAnchor.x
      value: -0.000000008900189
      objectReference: {fileID: 0}
    - target: {fileID: 5463859073951553924, guid: a2227d38099164f9ea4fec61bee14dda,
        type: 3}
      propertyPath: m_ConnectedAnchor.y
      value: 0.024322286
      objectReference: {fileID: 0}
    - target: {fileID: 5463859073951553924, guid: a2227d38099164f9ea4fec61bee14dda,
        type: 3}
      propertyPath: m_ConnectedAnchor.z
      value: -0.0018552972
      objectReference: {fileID: 0}
    - target: {fileID: 6635670674864049612, guid: a2227d38099164f9ea4fec61bee14dda,
        type: 3}
      propertyPath: m_ConnectedAnchor.x
      value: -0.000000010041884
      objectReference: {fileID: 0}
    - target: {fileID: 6635670674864049612, guid: a2227d38099164f9ea4fec61bee14dda,
        type: 3}
      propertyPath: m_ConnectedAnchor.y
      value: 0.019915614
      objectReference: {fileID: 0}
    - target: {fileID: 6635670674864049612, guid: a2227d38099164f9ea4fec61bee14dda,
        type: 3}
      propertyPath: m_ConnectedAnchor.z
      value: -0.00018998029
      objectReference: {fileID: 0}
    - target: {fileID: 7091892142192342112, guid: a2227d38099164f9ea4fec61bee14dda,
        type: 3}
      propertyPath: m_LocalPosition.x
      value: -3
      objectReference: {fileID: 0}
    - target: {fileID: 7091892142192342112, guid: a2227d38099164f9ea4fec61bee14dda,
        type: 3}
      propertyPath: m_LocalPosition.y
      value: 0
      objectReference: {fileID: 0}
    - target: {fileID: 7091892142192342112, guid: a2227d38099164f9ea4fec61bee14dda,
        type: 3}
      propertyPath: m_LocalPosition.z
      value: -1
      objectReference: {fileID: 0}
    - target: {fileID: 7091892142192342112, guid: a2227d38099164f9ea4fec61bee14dda,
        type: 3}
      propertyPath: m_LocalRotation.x
      value: -0
      objectReference: {fileID: 0}
    - target: {fileID: 7091892142192342112, guid: a2227d38099164f9ea4fec61bee14dda,
        type: 3}
      propertyPath: m_LocalRotation.y
      value: 1
      objectReference: {fileID: 0}
    - target: {fileID: 7091892142192342112, guid: a2227d38099164f9ea4fec61bee14dda,
        type: 3}
      propertyPath: m_LocalRotation.z
      value: -0
      objectReference: {fileID: 0}
    - target: {fileID: 7091892142192342112, guid: a2227d38099164f9ea4fec61bee14dda,
        type: 3}
      propertyPath: m_LocalRotation.w
      value: 0.00000028088027
      objectReference: {fileID: 0}
    - target: {fileID: 7091892142192342112, guid: a2227d38099164f9ea4fec61bee14dda,
        type: 3}
      propertyPath: m_RootOrder
      value: 1
      objectReference: {fileID: 0}
    - target: {fileID: 7091892142192342112, guid: a2227d38099164f9ea4fec61bee14dda,
        type: 3}
      propertyPath: m_LocalEulerAnglesHint.x
      value: 0
      objectReference: {fileID: 0}
    - target: {fileID: 7091892142192342112, guid: a2227d38099164f9ea4fec61bee14dda,
        type: 3}
      propertyPath: m_LocalEulerAnglesHint.y
      value: 179.99998
      objectReference: {fileID: 0}
    - target: {fileID: 7091892142192342112, guid: a2227d38099164f9ea4fec61bee14dda,
        type: 3}
      propertyPath: m_LocalEulerAnglesHint.z
      value: 0
      objectReference: {fileID: 0}
    - target: {fileID: 7091892142192568320, guid: a2227d38099164f9ea4fec61bee14dda,
        type: 3}
      propertyPath: m_Name
      value: EnemyweaponLevel1 (1)
      objectReference: {fileID: 0}
    - target: {fileID: 7281912664468862692, guid: a2227d38099164f9ea4fec61bee14dda,
        type: 3}
      propertyPath: m_ConnectedAnchor.y
      value: 0.011373549
      objectReference: {fileID: 0}
    - target: {fileID: 7281912664468862692, guid: a2227d38099164f9ea4fec61bee14dda,
        type: 3}
      propertyPath: m_ConnectedAnchor.z
      value: -0.0012420312
      objectReference: {fileID: 0}
    m_RemovedComponents: []
  m_SourcePrefab: {fileID: 100100000, guid: a2227d38099164f9ea4fec61bee14dda, type: 3}
--- !u!4 &5173634712775834147 stripped
Transform:
  m_CorrespondingSourceObject: {fileID: 7091892142192342112, guid: a2227d38099164f9ea4fec61bee14dda,
    type: 3}
  m_PrefabInstance: {fileID: 2713145031528549955}
  m_PrefabAsset: {fileID: 0}
--- !u!1001 &6371194075453393142
PrefabInstance:
  m_ObjectHideFlags: 0
  serializedVersion: 2
  m_Modification:
    m_TransformParent: {fileID: 189206764367710691}
    m_Modifications:
    - target: {fileID: 32590463929998885, guid: a2227d38099164f9ea4fec61bee14dda,
        type: 3}
      propertyPath: m_ConnectedAnchor.x
      value: 0.00000000384171
      objectReference: {fileID: 0}
    - target: {fileID: 32590463929998885, guid: a2227d38099164f9ea4fec61bee14dda,
        type: 3}
      propertyPath: m_ConnectedAnchor.z
      value: -4.6567816e-10
      objectReference: {fileID: 0}
    - target: {fileID: 281913908308828760, guid: a2227d38099164f9ea4fec61bee14dda,
        type: 3}
      propertyPath: m_ConnectedAnchor.x
      value: -0.000000020489097
      objectReference: {fileID: 0}
    - target: {fileID: 281913908308828760, guid: a2227d38099164f9ea4fec61bee14dda,
        type: 3}
      propertyPath: m_ConnectedAnchor.y
      value: 0.010437214
      objectReference: {fileID: 0}
    - target: {fileID: 281913908308828760, guid: a2227d38099164f9ea4fec61bee14dda,
        type: 3}
      propertyPath: m_ConnectedAnchor.z
      value: 0.0000000013969841
      objectReference: {fileID: 0}
    - target: {fileID: 540692074110072957, guid: a2227d38099164f9ea4fec61bee14dda,
        type: 3}
      propertyPath: m_ConnectedAnchor.x
      value: -0.0077029304
      objectReference: {fileID: 0}
    - target: {fileID: 540692074110072957, guid: a2227d38099164f9ea4fec61bee14dda,
        type: 3}
      propertyPath: m_ConnectedAnchor.y
      value: 0.0019972487
      objectReference: {fileID: 0}
    - target: {fileID: 540692074110072957, guid: a2227d38099164f9ea4fec61bee14dda,
        type: 3}
      propertyPath: m_ConnectedAnchor.z
      value: -0.0018432692
      objectReference: {fileID: 0}
    - target: {fileID: 1830548543789366682, guid: a2227d38099164f9ea4fec61bee14dda,
        type: 3}
      propertyPath: m_ConnectedAnchor.y
      value: 0.011373549
      objectReference: {fileID: 0}
    - target: {fileID: 1830548543789366682, guid: a2227d38099164f9ea4fec61bee14dda,
        type: 3}
      propertyPath: m_ConnectedAnchor.z
      value: -0.0012420303
      objectReference: {fileID: 0}
    - target: {fileID: 2267420513521056984, guid: a2227d38099164f9ea4fec61bee14dda,
        type: 3}
      propertyPath: m_ConnectedAnchor.x
      value: -0.000000008061771
      objectReference: {fileID: 0}
    - target: {fileID: 2267420513521056984, guid: a2227d38099164f9ea4fec61bee14dda,
        type: 3}
      propertyPath: m_ConnectedAnchor.y
      value: 0.021108389
      objectReference: {fileID: 0}
    - target: {fileID: 2267420513521056984, guid: a2227d38099164f9ea4fec61bee14dda,
        type: 3}
      propertyPath: m_ConnectedAnchor.z
      value: -0.000000003841846
      objectReference: {fileID: 0}
    - target: {fileID: 3777441923108264892, guid: a2227d38099164f9ea4fec61bee14dda,
        type: 3}
      propertyPath: m_ConnectedAnchor.x
      value: 0.0077029346
      objectReference: {fileID: 0}
    - target: {fileID: 3777441923108264892, guid: a2227d38099164f9ea4fec61bee14dda,
        type: 3}
      propertyPath: m_ConnectedAnchor.y
      value: 0.001997249
      objectReference: {fileID: 0}
    - target: {fileID: 3777441923108264892, guid: a2227d38099164f9ea4fec61bee14dda,
        type: 3}
      propertyPath: m_ConnectedAnchor.z
      value: -0.0018432678
      objectReference: {fileID: 0}
    - target: {fileID: 4764139380776096538, guid: a2227d38099164f9ea4fec61bee14dda,
        type: 3}
      propertyPath: m_ConnectedAnchor.x
      value: 0.000000011175873
      objectReference: {fileID: 0}
    - target: {fileID: 4764139380776096538, guid: a2227d38099164f9ea4fec61bee14dda,
        type: 3}
      propertyPath: m_ConnectedAnchor.y
      value: 0.010437224
      objectReference: {fileID: 0}
    - target: {fileID: 4764139380776096538, guid: a2227d38099164f9ea4fec61bee14dda,
        type: 3}
      propertyPath: m_ConnectedAnchor.z
      value: -0.0000000039581214
      objectReference: {fileID: 0}
    - target: {fileID: 5463859073951553924, guid: a2227d38099164f9ea4fec61bee14dda,
        type: 3}
      propertyPath: m_ConnectedAnchor.x
      value: -0.000000008900189
      objectReference: {fileID: 0}
    - target: {fileID: 5463859073951553924, guid: a2227d38099164f9ea4fec61bee14dda,
        type: 3}
      propertyPath: m_ConnectedAnchor.y
      value: 0.024322286
      objectReference: {fileID: 0}
    - target: {fileID: 5463859073951553924, guid: a2227d38099164f9ea4fec61bee14dda,
        type: 3}
      propertyPath: m_ConnectedAnchor.z
      value: -0.0018552972
      objectReference: {fileID: 0}
    - target: {fileID: 6635670674864049612, guid: a2227d38099164f9ea4fec61bee14dda,
        type: 3}
      propertyPath: m_ConnectedAnchor.x
      value: -0.000000010041884
      objectReference: {fileID: 0}
    - target: {fileID: 6635670674864049612, guid: a2227d38099164f9ea4fec61bee14dda,
        type: 3}
      propertyPath: m_ConnectedAnchor.y
      value: 0.019915614
      objectReference: {fileID: 0}
    - target: {fileID: 6635670674864049612, guid: a2227d38099164f9ea4fec61bee14dda,
        type: 3}
      propertyPath: m_ConnectedAnchor.z
      value: -0.00018998029
      objectReference: {fileID: 0}
    - target: {fileID: 7091892142192342112, guid: a2227d38099164f9ea4fec61bee14dda,
        type: 3}
      propertyPath: m_LocalPosition.x
      value: 3
      objectReference: {fileID: 0}
    - target: {fileID: 7091892142192342112, guid: a2227d38099164f9ea4fec61bee14dda,
        type: 3}
      propertyPath: m_LocalPosition.y
      value: 0
      objectReference: {fileID: 0}
    - target: {fileID: 7091892142192342112, guid: a2227d38099164f9ea4fec61bee14dda,
        type: 3}
      propertyPath: m_LocalPosition.z
      value: -1
      objectReference: {fileID: 0}
    - target: {fileID: 7091892142192342112, guid: a2227d38099164f9ea4fec61bee14dda,
        type: 3}
      propertyPath: m_LocalRotation.x
      value: -0
      objectReference: {fileID: 0}
    - target: {fileID: 7091892142192342112, guid: a2227d38099164f9ea4fec61bee14dda,
        type: 3}
      propertyPath: m_LocalRotation.y
      value: 1
      objectReference: {fileID: 0}
    - target: {fileID: 7091892142192342112, guid: a2227d38099164f9ea4fec61bee14dda,
        type: 3}
      propertyPath: m_LocalRotation.z
      value: -0
      objectReference: {fileID: 0}
    - target: {fileID: 7091892142192342112, guid: a2227d38099164f9ea4fec61bee14dda,
        type: 3}
      propertyPath: m_LocalRotation.w
      value: 0.00000028088027
      objectReference: {fileID: 0}
    - target: {fileID: 7091892142192342112, guid: a2227d38099164f9ea4fec61bee14dda,
        type: 3}
      propertyPath: m_RootOrder
      value: 0
      objectReference: {fileID: 0}
    - target: {fileID: 7091892142192342112, guid: a2227d38099164f9ea4fec61bee14dda,
        type: 3}
      propertyPath: m_LocalEulerAnglesHint.x
      value: 0
      objectReference: {fileID: 0}
    - target: {fileID: 7091892142192342112, guid: a2227d38099164f9ea4fec61bee14dda,
        type: 3}
      propertyPath: m_LocalEulerAnglesHint.y
      value: 179.99998
      objectReference: {fileID: 0}
    - target: {fileID: 7091892142192342112, guid: a2227d38099164f9ea4fec61bee14dda,
        type: 3}
      propertyPath: m_LocalEulerAnglesHint.z
      value: 0
      objectReference: {fileID: 0}
    - target: {fileID: 7091892142192568320, guid: a2227d38099164f9ea4fec61bee14dda,
        type: 3}
      propertyPath: m_Name
      value: EnemyweaponLevel1
      objectReference: {fileID: 0}
    - target: {fileID: 7281912664468862692, guid: a2227d38099164f9ea4fec61bee14dda,
        type: 3}
      propertyPath: m_ConnectedAnchor.y
      value: 0.011373549
      objectReference: {fileID: 0}
    - target: {fileID: 7281912664468862692, guid: a2227d38099164f9ea4fec61bee14dda,
        type: 3}
      propertyPath: m_ConnectedAnchor.z
      value: -0.0012420312
      objectReference: {fileID: 0}
    m_RemovedComponents: []
  m_SourcePrefab: {fileID: 100100000, guid: a2227d38099164f9ea4fec61bee14dda, type: 3}
--- !u!4 &4179464790797401238 stripped
Transform:
  m_CorrespondingSourceObject: {fileID: 7091892142192342112, guid: a2227d38099164f9ea4fec61bee14dda,
    type: 3}
  m_PrefabInstance: {fileID: 6371194075453393142}
  m_PrefabAsset: {fileID: 0}
