%YAML 1.1
%TAG !u! tag:unity3d.com,2011:
--- !u!1 &2622008764133635538
GameObject:
  m_ObjectHideFlags: 0
  m_CorrespondingSourceObject: {fileID: 0}
  m_PrefabInstance: {fileID: 0}
  m_PrefabAsset: {fileID: 0}
  serializedVersion: 6
  m_Component:
  - component: {fileID: 931030364233113849}
  - component: {fileID: 7745846436373548503}
  m_Layer: 0
  m_Name: RoomBasicPattern (6)
  m_TagString: Untagged
  m_Icon: {fileID: 0}
  m_NavMeshLayer: 0
  m_StaticEditorFlags: 0
  m_IsActive: 1
--- !u!4 &931030364233113849
Transform:
  m_ObjectHideFlags: 0
  m_CorrespondingSourceObject: {fileID: 0}
  m_PrefabInstance: {fileID: 0}
  m_PrefabAsset: {fileID: 0}
  m_GameObject: {fileID: 2622008764133635538}
  m_LocalRotation: {x: -0, y: -0, z: -0, w: 1}
  m_LocalPosition: {x: 0, y: 0, z: 0}
  m_LocalScale: {x: 1, y: 1, z: 1}
  m_Children:
  - {fileID: 1690877518273443628}
  - {fileID: 3119404422559830625}
  - {fileID: 7037146608674166761}
  - {fileID: 5838328787739082667}
  - {fileID: 7282103864578795874}
  - {fileID: 1030479395394787535}
  - {fileID: 4590735006228783269}
  - {fileID: 6067902267983661265}
  m_Father: {fileID: 0}
  m_RootOrder: 0
  m_LocalEulerAnglesHint: {x: 0, y: 0, z: 0}
--- !u!114 &7745846436373548503
MonoBehaviour:
  m_ObjectHideFlags: 0
  m_CorrespondingSourceObject: {fileID: 0}
  m_PrefabInstance: {fileID: 0}
  m_PrefabAsset: {fileID: 0}
  m_GameObject: {fileID: 2622008764133635538}
  m_Enabled: 1
  m_EditorHideFlags: 0
  m_Script: {fileID: 11500000, guid: e5101b3a4a1214c978defb84d2895a84, type: 3}
  m_Name: 
  m_EditorClassIdentifier: 
  minLevel: 6
  order:
  - EnemyLevel1
  - EnemyLevel2
  - EnemyweaponLevel1
  - BlackEnvironment
  - EnemyLevel3
  - EnemyweaponLevel2
  - EnemyweaponLevel3
--- !u!1001 &271203177261196169
PrefabInstance:
  m_ObjectHideFlags: 0
  serializedVersion: 2
  m_Modification:
    m_TransformParent: {fileID: 931030364233113849}
    m_Modifications:
    - target: {fileID: 32590463929998885, guid: a2227d38099164f9ea4fec61bee14dda,
        type: 3}
      propertyPath: m_ConnectedAnchor.x
      value: 1.1641546e-10
      objectReference: {fileID: 0}
    - target: {fileID: 32590463929998885, guid: a2227d38099164f9ea4fec61bee14dda,
        type: 3}
      propertyPath: m_ConnectedAnchor.y
      value: 0.021108398
      objectReference: {fileID: 0}
    - target: {fileID: 32590463929998885, guid: a2227d38099164f9ea4fec61bee14dda,
        type: 3}
      propertyPath: m_ConnectedAnchor.z
      value: -4.6567816e-10
      objectReference: {fileID: 0}
    - target: {fileID: 281913908308828760, guid: a2227d38099164f9ea4fec61bee14dda,
        type: 3}
      propertyPath: m_ConnectedAnchor.x
      value: -0.00000002165325
      objectReference: {fileID: 0}
    - target: {fileID: 281913908308828760, guid: a2227d38099164f9ea4fec61bee14dda,
        type: 3}
      propertyPath: m_ConnectedAnchor.y
      value: 0.01043721
      objectReference: {fileID: 0}
    - target: {fileID: 281913908308828760, guid: a2227d38099164f9ea4fec61bee14dda,
        type: 3}
      propertyPath: m_ConnectedAnchor.z
      value: 9.313227e-10
      objectReference: {fileID: 0}
    - target: {fileID: 540692074110072957, guid: a2227d38099164f9ea4fec61bee14dda,
        type: 3}
      propertyPath: m_ConnectedAnchor.x
      value: -0.0077029252
      objectReference: {fileID: 0}
    - target: {fileID: 540692074110072957, guid: a2227d38099164f9ea4fec61bee14dda,
        type: 3}
      propertyPath: m_ConnectedAnchor.y
      value: 0.0019972487
      objectReference: {fileID: 0}
    - target: {fileID: 540692074110072957, guid: a2227d38099164f9ea4fec61bee14dda,
        type: 3}
      propertyPath: m_ConnectedAnchor.z
      value: -0.0018432692
      objectReference: {fileID: 0}
    - target: {fileID: 1830548543789366682, guid: a2227d38099164f9ea4fec61bee14dda,
        type: 3}
      propertyPath: m_ConnectedAnchor.x
      value: 0.010083925
      objectReference: {fileID: 0}
    - target: {fileID: 1830548543789366682, guid: a2227d38099164f9ea4fec61bee14dda,
        type: 3}
      propertyPath: m_ConnectedAnchor.y
      value: 0.011373549
      objectReference: {fileID: 0}
    - target: {fileID: 1830548543789366682, guid: a2227d38099164f9ea4fec61bee14dda,
        type: 3}
      propertyPath: m_ConnectedAnchor.z
      value: -0.0012420303
      objectReference: {fileID: 0}
    - target: {fileID: 2267420513521056984, guid: a2227d38099164f9ea4fec61bee14dda,
        type: 3}
      propertyPath: m_ConnectedAnchor.x
      value: -6.1118116e-10
      objectReference: {fileID: 0}
    - target: {fileID: 2267420513521056984, guid: a2227d38099164f9ea4fec61bee14dda,
        type: 3}
      propertyPath: m_ConnectedAnchor.y
      value: 0.021108389
      objectReference: {fileID: 0}
    - target: {fileID: 2267420513521056984, guid: a2227d38099164f9ea4fec61bee14dda,
        type: 3}
      propertyPath: m_ConnectedAnchor.z
      value: -0.000000003841846
      objectReference: {fileID: 0}
    - target: {fileID: 3777441923108264892, guid: a2227d38099164f9ea4fec61bee14dda,
        type: 3}
      propertyPath: m_ConnectedAnchor.x
      value: 0.0077029252
      objectReference: {fileID: 0}
    - target: {fileID: 3777441923108264892, guid: a2227d38099164f9ea4fec61bee14dda,
        type: 3}
      propertyPath: m_ConnectedAnchor.y
      value: 0.001997249
      objectReference: {fileID: 0}
    - target: {fileID: 3777441923108264892, guid: a2227d38099164f9ea4fec61bee14dda,
        type: 3}
      propertyPath: m_ConnectedAnchor.z
      value: -0.0018432678
      objectReference: {fileID: 0}
    - target: {fileID: 4764139380776096538, guid: a2227d38099164f9ea4fec61bee14dda,
        type: 3}
      propertyPath: m_ConnectedAnchor.x
      value: 0.000000011175873
      objectReference: {fileID: 0}
    - target: {fileID: 4764139380776096538, guid: a2227d38099164f9ea4fec61bee14dda,
        type: 3}
      propertyPath: m_ConnectedAnchor.y
      value: 0.010437224
      objectReference: {fileID: 0}
    - target: {fileID: 4764139380776096538, guid: a2227d38099164f9ea4fec61bee14dda,
        type: 3}
      propertyPath: m_ConnectedAnchor.z
      value: -0.0000000039581214
      objectReference: {fileID: 0}
    - target: {fileID: 5463859073951553924, guid: a2227d38099164f9ea4fec61bee14dda,
        type: 3}
      propertyPath: m_ConnectedAnchor.x
      value: -2.1099929e-10
      objectReference: {fileID: 0}
    - target: {fileID: 5463859073951553924, guid: a2227d38099164f9ea4fec61bee14dda,
        type: 3}
      propertyPath: m_ConnectedAnchor.y
      value: 0.024322286
      objectReference: {fileID: 0}
    - target: {fileID: 5463859073951553924, guid: a2227d38099164f9ea4fec61bee14dda,
        type: 3}
      propertyPath: m_ConnectedAnchor.z
      value: -0.0018552972
      objectReference: {fileID: 0}
    - target: {fileID: 6635670674864049612, guid: a2227d38099164f9ea4fec61bee14dda,
        type: 3}
      propertyPath: m_ConnectedAnchor.x
      value: -1.5046131e-11
      objectReference: {fileID: 0}
    - target: {fileID: 6635670674864049612, guid: a2227d38099164f9ea4fec61bee14dda,
        type: 3}
      propertyPath: m_ConnectedAnchor.y
      value: 0.019915614
      objectReference: {fileID: 0}
    - target: {fileID: 6635670674864049612, guid: a2227d38099164f9ea4fec61bee14dda,
        type: 3}
      propertyPath: m_ConnectedAnchor.z
      value: -0.00018998029
      objectReference: {fileID: 0}
    - target: {fileID: 7091892142192342112, guid: a2227d38099164f9ea4fec61bee14dda,
        type: 3}
      propertyPath: m_LocalPosition.x
      value: 0
      objectReference: {fileID: 0}
    - target: {fileID: 7091892142192342112, guid: a2227d38099164f9ea4fec61bee14dda,
        type: 3}
      propertyPath: m_LocalPosition.y
      value: 0
      objectReference: {fileID: 0}
    - target: {fileID: 7091892142192342112, guid: a2227d38099164f9ea4fec61bee14dda,
        type: 3}
      propertyPath: m_LocalPosition.z
      value: -1
      objectReference: {fileID: 0}
    - target: {fileID: 7091892142192342112, guid: a2227d38099164f9ea4fec61bee14dda,
        type: 3}
      propertyPath: m_LocalRotation.x
      value: -0
      objectReference: {fileID: 0}
    - target: {fileID: 7091892142192342112, guid: a2227d38099164f9ea4fec61bee14dda,
        type: 3}
      propertyPath: m_LocalRotation.y
      value: 1
      objectReference: {fileID: 0}
    - target: {fileID: 7091892142192342112, guid: a2227d38099164f9ea4fec61bee14dda,
        type: 3}
      propertyPath: m_LocalRotation.z
      value: -0
      objectReference: {fileID: 0}
    - target: {fileID: 7091892142192342112, guid: a2227d38099164f9ea4fec61bee14dda,
        type: 3}
      propertyPath: m_LocalRotation.w
      value: 0.00000028088027
      objectReference: {fileID: 0}
    - target: {fileID: 7091892142192342112, guid: a2227d38099164f9ea4fec61bee14dda,
        type: 3}
      propertyPath: m_RootOrder
      value: 2
      objectReference: {fileID: 0}
    - target: {fileID: 7091892142192342112, guid: a2227d38099164f9ea4fec61bee14dda,
        type: 3}
      propertyPath: m_LocalEulerAnglesHint.x
      value: 0
      objectReference: {fileID: 0}
    - target: {fileID: 7091892142192342112, guid: a2227d38099164f9ea4fec61bee14dda,
        type: 3}
      propertyPath: m_LocalEulerAnglesHint.y
      value: 179.99998
      objectReference: {fileID: 0}
    - target: {fileID: 7091892142192342112, guid: a2227d38099164f9ea4fec61bee14dda,
        type: 3}
      propertyPath: m_LocalEulerAnglesHint.z
      value: 0
      objectReference: {fileID: 0}
    - target: {fileID: 7091892142192568320, guid: a2227d38099164f9ea4fec61bee14dda,
        type: 3}
      propertyPath: m_Name
      value: EnemyweaponLevel1 (2)
      objectReference: {fileID: 0}
    - target: {fileID: 7281912664468862692, guid: a2227d38099164f9ea4fec61bee14dda,
        type: 3}
      propertyPath: m_ConnectedAnchor.y
      value: 0.011373549
      objectReference: {fileID: 0}
    - target: {fileID: 7281912664468862692, guid: a2227d38099164f9ea4fec61bee14dda,
        type: 3}
      propertyPath: m_ConnectedAnchor.z
      value: -0.0012420312
      objectReference: {fileID: 0}
    - target: {fileID: 7281912664468862692, guid: a2227d38099164f9ea4fec61bee14dda,
        type: 3}
      propertyPath: m_ConnectedAnchor.x
      value: -0.010083925
      objectReference: {fileID: 0}
    m_RemovedComponents: []
  m_SourcePrefab: {fileID: 100100000, guid: a2227d38099164f9ea4fec61bee14dda, type: 3}
--- !u!4 &7037146608674166761 stripped
Transform:
  m_CorrespondingSourceObject: {fileID: 7091892142192342112, guid: a2227d38099164f9ea4fec61bee14dda,
    type: 3}
  m_PrefabInstance: {fileID: 271203177261196169}
  m_PrefabAsset: {fileID: 0}
--- !u!1001 &1359594918066603989
PrefabInstance:
  m_ObjectHideFlags: 0
  serializedVersion: 2
  m_Modification:
    m_TransformParent: {fileID: 931030364233113849}
    m_Modifications:
    - target: {fileID: 771610940868305254, guid: 28849c3d3151540a292b806871db1214,
        type: 3}
      propertyPath: m_ConnectedAnchor.x
      value: 0.0000000107102105
      objectReference: {fileID: 0}
    - target: {fileID: 771610940868305254, guid: 28849c3d3151540a292b806871db1214,
        type: 3}
      propertyPath: m_ConnectedAnchor.y
      value: 0.010437222
      objectReference: {fileID: 0}
    - target: {fileID: 771610940868305254, guid: 28849c3d3151540a292b806871db1214,
        type: 3}
      propertyPath: m_ConnectedAnchor.z
      value: -0.000000014435502
      objectReference: {fileID: 0}
    - target: {fileID: 1599773599175242997, guid: 28849c3d3151540a292b806871db1214,
        type: 3}
      propertyPath: m_ConnectedAnchor.x
      value: -0.0000000036379832
      objectReference: {fileID: 0}
    - target: {fileID: 1599773599175242997, guid: 28849c3d3151540a292b806871db1214,
        type: 3}
      propertyPath: m_ConnectedAnchor.y
      value: 0.021108396
      objectReference: {fileID: 0}
    - target: {fileID: 1599773599175242997, guid: 28849c3d3151540a292b806871db1214,
        type: 3}
      propertyPath: m_ConnectedAnchor.z
      value: 0.0000000033761667
      objectReference: {fileID: 0}
    - target: {fileID: 2044467422896472876, guid: 28849c3d3151540a292b806871db1214,
        type: 3}
      propertyPath: m_ConnectedAnchor.y
      value: 0.001997249
      objectReference: {fileID: 0}
    - target: {fileID: 2044467422896472876, guid: 28849c3d3151540a292b806871db1214,
        type: 3}
      propertyPath: m_ConnectedAnchor.z
      value: -0.001843265
      objectReference: {fileID: 0}
    - target: {fileID: 2044467422896472876, guid: 28849c3d3151540a292b806871db1214,
        type: 3}
      propertyPath: m_ConnectedAnchor.x
      value: 0.0077029346
      objectReference: {fileID: 0}
    - target: {fileID: 2058918892739445626, guid: 28849c3d3151540a292b806871db1214,
        type: 3}
      propertyPath: m_Name
      value: EnemyLevel2 (1)
      objectReference: {fileID: 0}
    - target: {fileID: 2058918892739551002, guid: 28849c3d3151540a292b806871db1214,
        type: 3}
      propertyPath: m_LocalPosition.x
      value: 8
      objectReference: {fileID: 0}
    - target: {fileID: 2058918892739551002, guid: 28849c3d3151540a292b806871db1214,
        type: 3}
      propertyPath: m_LocalPosition.y
      value: 0
      objectReference: {fileID: 0}
    - target: {fileID: 2058918892739551002, guid: 28849c3d3151540a292b806871db1214,
        type: 3}
      propertyPath: m_LocalPosition.z
      value: -6
      objectReference: {fileID: 0}
    - target: {fileID: 2058918892739551002, guid: 28849c3d3151540a292b806871db1214,
        type: 3}
      propertyPath: m_LocalRotation.x
      value: -0
      objectReference: {fileID: 0}
    - target: {fileID: 2058918892739551002, guid: 28849c3d3151540a292b806871db1214,
        type: 3}
      propertyPath: m_LocalRotation.y
      value: 1
      objectReference: {fileID: 0}
    - target: {fileID: 2058918892739551002, guid: 28849c3d3151540a292b806871db1214,
        type: 3}
      propertyPath: m_LocalRotation.z
      value: -0
      objectReference: {fileID: 0}
    - target: {fileID: 2058918892739551002, guid: 28849c3d3151540a292b806871db1214,
        type: 3}
      propertyPath: m_LocalRotation.w
      value: 0.00000028088027
      objectReference: {fileID: 0}
    - target: {fileID: 2058918892739551002, guid: 28849c3d3151540a292b806871db1214,
        type: 3}
      propertyPath: m_RootOrder
      value: 5
      objectReference: {fileID: 0}
    - target: {fileID: 2058918892739551002, guid: 28849c3d3151540a292b806871db1214,
        type: 3}
      propertyPath: m_LocalEulerAnglesHint.x
      value: 0
      objectReference: {fileID: 0}
    - target: {fileID: 2058918892739551002, guid: 28849c3d3151540a292b806871db1214,
        type: 3}
      propertyPath: m_LocalEulerAnglesHint.y
      value: 179.99998
      objectReference: {fileID: 0}
    - target: {fileID: 2058918892739551002, guid: 28849c3d3151540a292b806871db1214,
        type: 3}
      propertyPath: m_LocalEulerAnglesHint.z
      value: 0
      objectReference: {fileID: 0}
    - target: {fileID: 5254670159548738174, guid: 28849c3d3151540a292b806871db1214,
        type: 3}
      propertyPath: m_ConnectedAnchor.x
      value: -0.000000010041884
      objectReference: {fileID: 0}
    - target: {fileID: 5254670159548738174, guid: 28849c3d3151540a292b806871db1214,
        type: 3}
      propertyPath: m_ConnectedAnchor.y
      value: 0.019915614
      objectReference: {fileID: 0}
    - target: {fileID: 5254670159548738174, guid: 28849c3d3151540a292b806871db1214,
        type: 3}
      propertyPath: m_ConnectedAnchor.z
      value: -0.0001899875
      objectReference: {fileID: 0}
    - target: {fileID: 5497630780365844529, guid: 28849c3d3151540a292b806871db1214,
        type: 3}
      propertyPath: m_ConnectedAnchor.y
      value: 0.011373546
      objectReference: {fileID: 0}
    - target: {fileID: 5497630780365844529, guid: 28849c3d3151540a292b806871db1214,
        type: 3}
      propertyPath: m_ConnectedAnchor.z
      value: -0.0012420202
      objectReference: {fileID: 0}
    - target: {fileID: 5497630780365844529, guid: 28849c3d3151540a292b806871db1214,
        type: 3}
      propertyPath: m_ConnectedAnchor.x
      value: -0.010083924
      objectReference: {fileID: 0}
    - target: {fileID: 5607967659694561119, guid: 28849c3d3151540a292b806871db1214,
        type: 3}
      propertyPath: m_ConnectedAnchor.x
      value: -0.000000012805685
      objectReference: {fileID: 0}
    - target: {fileID: 5607967659694561119, guid: 28849c3d3151540a292b806871db1214,
        type: 3}
      propertyPath: m_ConnectedAnchor.y
      value: 0.010437235
      objectReference: {fileID: 0}
    - target: {fileID: 5607967659694561119, guid: 28849c3d3151540a292b806871db1214,
        type: 3}
      propertyPath: m_ConnectedAnchor.z
      value: 0.000000012107195
      objectReference: {fileID: 0}
    - target: {fileID: 6634354401340981542, guid: 28849c3d3151540a292b806871db1214,
        type: 3}
      propertyPath: m_ConnectedAnchor.x
      value: 0.010083932
      objectReference: {fileID: 0}
    - target: {fileID: 6634354401340981542, guid: 28849c3d3151540a292b806871db1214,
        type: 3}
      propertyPath: m_ConnectedAnchor.y
      value: 0.011373549
      objectReference: {fileID: 0}
    - target: {fileID: 6634354401340981542, guid: 28849c3d3151540a292b806871db1214,
        type: 3}
      propertyPath: m_ConnectedAnchor.z
      value: -0.0012420303
      objectReference: {fileID: 0}
    - target: {fileID: 7079656752179102640, guid: 28849c3d3151540a292b806871db1214,
        type: 3}
      propertyPath: m_ConnectedAnchor.x
      value: -0.0077029234
      objectReference: {fileID: 0}
    - target: {fileID: 7079656752179102640, guid: 28849c3d3151540a292b806871db1214,
        type: 3}
      propertyPath: m_ConnectedAnchor.y
      value: 0.0019972497
      objectReference: {fileID: 0}
    - target: {fileID: 7079656752179102640, guid: 28849c3d3151540a292b806871db1214,
        type: 3}
      propertyPath: m_ConnectedAnchor.z
      value: -0.0018432548
      objectReference: {fileID: 0}
    - target: {fileID: 8336871176985976356, guid: 28849c3d3151540a292b806871db1214,
        type: 3}
      propertyPath: m_ConnectedAnchor.x
      value: -0.000000008889133
      objectReference: {fileID: 0}
    - target: {fileID: 8336871176985976356, guid: 28849c3d3151540a292b806871db1214,
        type: 3}
      propertyPath: m_ConnectedAnchor.y
      value: 0.024322286
      objectReference: {fileID: 0}
    - target: {fileID: 8336871176985976356, guid: 28849c3d3151540a292b806871db1214,
        type: 3}
      propertyPath: m_ConnectedAnchor.z
      value: -0.0018552917
      objectReference: {fileID: 0}
    - target: {fileID: 8393733245613765702, guid: 28849c3d3151540a292b806871db1214,
        type: 3}
      propertyPath: m_ConnectedAnchor.y
      value: 0.021108394
      objectReference: {fileID: 0}
    - target: {fileID: 8393733245613765702, guid: 28849c3d3151540a292b806871db1214,
        type: 3}
      propertyPath: m_ConnectedAnchor.z
      value: 0.000000009080726
      objectReference: {fileID: 0}
    - target: {fileID: 8393733245613765702, guid: 28849c3d3151540a292b806871db1214,
        type: 3}
      propertyPath: m_ConnectedAnchor.x
      value: -0.000000008090875
      objectReference: {fileID: 0}
    m_RemovedComponents: []
  m_SourcePrefab: {fileID: 100100000, guid: 28849c3d3151540a292b806871db1214, type: 3}
--- !u!4 &1030479395394787535 stripped
Transform:
  m_CorrespondingSourceObject: {fileID: 2058918892739551002, guid: 28849c3d3151540a292b806871db1214,
    type: 3}
  m_PrefabInstance: {fileID: 1359594918066603989}
  m_PrefabAsset: {fileID: 0}
--- !u!1001 &2533044963997089727
PrefabInstance:
  m_ObjectHideFlags: 0
  serializedVersion: 2
  m_Modification:
    m_TransformParent: {fileID: 931030364233113849}
    m_Modifications:
    - target: {fileID: 771610940868305254, guid: 28849c3d3151540a292b806871db1214,
        type: 3}
      propertyPath: m_ConnectedAnchor.x
      value: 0.0000000107102105
      objectReference: {fileID: 0}
    - target: {fileID: 771610940868305254, guid: 28849c3d3151540a292b806871db1214,
        type: 3}
      propertyPath: m_ConnectedAnchor.y
      value: 0.010437222
      objectReference: {fileID: 0}
    - target: {fileID: 771610940868305254, guid: 28849c3d3151540a292b806871db1214,
        type: 3}
      propertyPath: m_ConnectedAnchor.z
      value: -0.000000014435502
      objectReference: {fileID: 0}
    - target: {fileID: 1599773599175242997, guid: 28849c3d3151540a292b806871db1214,
        type: 3}
      propertyPath: m_ConnectedAnchor.x
      value: 0.000000026164376
      objectReference: {fileID: 0}
    - target: {fileID: 1599773599175242997, guid: 28849c3d3151540a292b806871db1214,
        type: 3}
      propertyPath: m_ConnectedAnchor.y
      value: 0.021108396
      objectReference: {fileID: 0}
    - target: {fileID: 1599773599175242997, guid: 28849c3d3151540a292b806871db1214,
        type: 3}
      propertyPath: m_ConnectedAnchor.z
      value: 0.0000000033761667
      objectReference: {fileID: 0}
    - target: {fileID: 2044467422896472876, guid: 28849c3d3151540a292b806871db1214,
        type: 3}
      propertyPath: m_ConnectedAnchor.y
      value: 0.001997249
      objectReference: {fileID: 0}
    - target: {fileID: 2044467422896472876, guid: 28849c3d3151540a292b806871db1214,
        type: 3}
      propertyPath: m_ConnectedAnchor.z
      value: -0.001843265
      objectReference: {fileID: 0}
    - target: {fileID: 2044467422896472876, guid: 28849c3d3151540a292b806871db1214,
        type: 3}
      propertyPath: m_ConnectedAnchor.x
      value: 0.0077029043
      objectReference: {fileID: 0}
    - target: {fileID: 2058918892739445626, guid: 28849c3d3151540a292b806871db1214,
        type: 3}
      propertyPath: m_Name
      value: EnemyLevel2 (2)
      objectReference: {fileID: 0}
    - target: {fileID: 2058918892739551002, guid: 28849c3d3151540a292b806871db1214,
        type: 3}
      propertyPath: m_LocalPosition.x
      value: -8
      objectReference: {fileID: 0}
    - target: {fileID: 2058918892739551002, guid: 28849c3d3151540a292b806871db1214,
        type: 3}
      propertyPath: m_LocalPosition.y
      value: 0
      objectReference: {fileID: 0}
    - target: {fileID: 2058918892739551002, guid: 28849c3d3151540a292b806871db1214,
        type: 3}
      propertyPath: m_LocalPosition.z
      value: 5
      objectReference: {fileID: 0}
    - target: {fileID: 2058918892739551002, guid: 28849c3d3151540a292b806871db1214,
        type: 3}
      propertyPath: m_LocalRotation.x
      value: -0
      objectReference: {fileID: 0}
    - target: {fileID: 2058918892739551002, guid: 28849c3d3151540a292b806871db1214,
        type: 3}
      propertyPath: m_LocalRotation.y
      value: 1
      objectReference: {fileID: 0}
    - target: {fileID: 2058918892739551002, guid: 28849c3d3151540a292b806871db1214,
        type: 3}
      propertyPath: m_LocalRotation.z
      value: -0
      objectReference: {fileID: 0}
    - target: {fileID: 2058918892739551002, guid: 28849c3d3151540a292b806871db1214,
        type: 3}
      propertyPath: m_LocalRotation.w
      value: 0.00000028088027
      objectReference: {fileID: 0}
    - target: {fileID: 2058918892739551002, guid: 28849c3d3151540a292b806871db1214,
        type: 3}
      propertyPath: m_RootOrder
      value: 6
      objectReference: {fileID: 0}
    - target: {fileID: 2058918892739551002, guid: 28849c3d3151540a292b806871db1214,
        type: 3}
      propertyPath: m_LocalEulerAnglesHint.x
      value: 0
      objectReference: {fileID: 0}
    - target: {fileID: 2058918892739551002, guid: 28849c3d3151540a292b806871db1214,
        type: 3}
      propertyPath: m_LocalEulerAnglesHint.y
      value: 179.99998
      objectReference: {fileID: 0}
    - target: {fileID: 2058918892739551002, guid: 28849c3d3151540a292b806871db1214,
        type: 3}
      propertyPath: m_LocalEulerAnglesHint.z
      value: 0
      objectReference: {fileID: 0}
    - target: {fileID: 5254670159548738174, guid: 28849c3d3151540a292b806871db1214,
        type: 3}
      propertyPath: m_ConnectedAnchor.x
      value: -0.000000010041884
      objectReference: {fileID: 0}
    - target: {fileID: 5254670159548738174, guid: 28849c3d3151540a292b806871db1214,
        type: 3}
      propertyPath: m_ConnectedAnchor.y
      value: 0.019915614
      objectReference: {fileID: 0}
    - target: {fileID: 5254670159548738174, guid: 28849c3d3151540a292b806871db1214,
        type: 3}
      propertyPath: m_ConnectedAnchor.z
      value: -0.0001899875
      objectReference: {fileID: 0}
    - target: {fileID: 5497630780365844529, guid: 28849c3d3151540a292b806871db1214,
        type: 3}
      propertyPath: m_ConnectedAnchor.y
      value: 0.011373546
      objectReference: {fileID: 0}
    - target: {fileID: 5497630780365844529, guid: 28849c3d3151540a292b806871db1214,
        type: 3}
      propertyPath: m_ConnectedAnchor.z
      value: -0.0012420202
      objectReference: {fileID: 0}
    - target: {fileID: 5497630780365844529, guid: 28849c3d3151540a292b806871db1214,
        type: 3}
      propertyPath: m_ConnectedAnchor.x
      value: -0.010083924
      objectReference: {fileID: 0}
    - target: {fileID: 5607967659694561119, guid: 28849c3d3151540a292b806871db1214,
        type: 3}
      propertyPath: m_ConnectedAnchor.x
      value: -0.000000023981556
      objectReference: {fileID: 0}
    - target: {fileID: 5607967659694561119, guid: 28849c3d3151540a292b806871db1214,
        type: 3}
      propertyPath: m_ConnectedAnchor.y
      value: 0.010437207
      objectReference: {fileID: 0}
    - target: {fileID: 5607967659694561119, guid: 28849c3d3151540a292b806871db1214,
        type: 3}
      propertyPath: m_ConnectedAnchor.z
      value: 0.000000011874365
      objectReference: {fileID: 0}
    - target: {fileID: 6634354401340981542, guid: 28849c3d3151540a292b806871db1214,
        type: 3}
      propertyPath: m_ConnectedAnchor.x
      value: 0.010083903
      objectReference: {fileID: 0}
    - target: {fileID: 6634354401340981542, guid: 28849c3d3151540a292b806871db1214,
        type: 3}
      propertyPath: m_ConnectedAnchor.y
      value: 0.011373549
      objectReference: {fileID: 0}
    - target: {fileID: 6634354401340981542, guid: 28849c3d3151540a292b806871db1214,
        type: 3}
      propertyPath: m_ConnectedAnchor.z
      value: -0.0012420303
      objectReference: {fileID: 0}
    - target: {fileID: 7079656752179102640, guid: 28849c3d3151540a292b806871db1214,
        type: 3}
      propertyPath: m_ConnectedAnchor.x
      value: -0.0077029234
      objectReference: {fileID: 0}
    - target: {fileID: 7079656752179102640, guid: 28849c3d3151540a292b806871db1214,
        type: 3}
      propertyPath: m_ConnectedAnchor.y
      value: 0.0019972497
      objectReference: {fileID: 0}
    - target: {fileID: 7079656752179102640, guid: 28849c3d3151540a292b806871db1214,
        type: 3}
      propertyPath: m_ConnectedAnchor.z
      value: -0.0018432548
      objectReference: {fileID: 0}
    - target: {fileID: 8336871176985976356, guid: 28849c3d3151540a292b806871db1214,
        type: 3}
      propertyPath: m_ConnectedAnchor.x
      value: -0.000000008889133
      objectReference: {fileID: 0}
    - target: {fileID: 8336871176985976356, guid: 28849c3d3151540a292b806871db1214,
        type: 3}
      propertyPath: m_ConnectedAnchor.y
      value: 0.024322286
      objectReference: {fileID: 0}
    - target: {fileID: 8336871176985976356, guid: 28849c3d3151540a292b806871db1214,
        type: 3}
      propertyPath: m_ConnectedAnchor.z
      value: -0.0018552917
      objectReference: {fileID: 0}
    - target: {fileID: 8393733245613765702, guid: 28849c3d3151540a292b806871db1214,
        type: 3}
      propertyPath: m_ConnectedAnchor.y
      value: 0.021108394
      objectReference: {fileID: 0}
    - target: {fileID: 8393733245613765702, guid: 28849c3d3151540a292b806871db1214,
        type: 3}
      propertyPath: m_ConnectedAnchor.z
      value: 0.000000009080726
      objectReference: {fileID: 0}
    - target: {fileID: 8393733245613765702, guid: 28849c3d3151540a292b806871db1214,
        type: 3}
      propertyPath: m_ConnectedAnchor.x
      value: -0.000000008090875
      objectReference: {fileID: 0}
    m_RemovedComponents: []
  m_SourcePrefab: {fileID: 100100000, guid: 28849c3d3151540a292b806871db1214, type: 3}
--- !u!4 &4590735006228783269 stripped
Transform:
  m_CorrespondingSourceObject: {fileID: 2058918892739551002, guid: 28849c3d3151540a292b806871db1214,
    type: 3}
  m_PrefabInstance: {fileID: 2533044963997089727}
  m_PrefabAsset: {fileID: 0}
--- !u!1001 &3706074699451452363
PrefabInstance:
  m_ObjectHideFlags: 0
  serializedVersion: 2
  m_Modification:
    m_TransformParent: {fileID: 931030364233113849}
    m_Modifications:
    - target: {fileID: 32590463929998885, guid: a2227d38099164f9ea4fec61bee14dda,
        type: 3}
      propertyPath: m_ConnectedAnchor.x
      value: 1.1641546e-10
      objectReference: {fileID: 0}
    - target: {fileID: 32590463929998885, guid: a2227d38099164f9ea4fec61bee14dda,
        type: 3}
      propertyPath: m_ConnectedAnchor.y
      value: 0.021108394
      objectReference: {fileID: 0}
    - target: {fileID: 32590463929998885, guid: a2227d38099164f9ea4fec61bee14dda,
        type: 3}
      propertyPath: m_ConnectedAnchor.z
      value: -0.000000011641954
      objectReference: {fileID: 0}
    - target: {fileID: 281913908308828760, guid: a2227d38099164f9ea4fec61bee14dda,
        type: 3}
      propertyPath: m_ConnectedAnchor.x
      value: -0.000000022118911
      objectReference: {fileID: 0}
    - target: {fileID: 281913908308828760, guid: a2227d38099164f9ea4fec61bee14dda,
        type: 3}
      propertyPath: m_ConnectedAnchor.y
      value: 0.010437211
      objectReference: {fileID: 0}
    - target: {fileID: 281913908308828760, guid: a2227d38099164f9ea4fec61bee14dda,
        type: 3}
      propertyPath: m_ConnectedAnchor.z
      value: -0.000000010244549
      objectReference: {fileID: 0}
    - target: {fileID: 540692074110072957, guid: a2227d38099164f9ea4fec61bee14dda,
        type: 3}
      propertyPath: m_ConnectedAnchor.x
      value: -0.0077029252
      objectReference: {fileID: 0}
    - target: {fileID: 540692074110072957, guid: a2227d38099164f9ea4fec61bee14dda,
        type: 3}
      propertyPath: m_ConnectedAnchor.y
      value: 0.0019972487
      objectReference: {fileID: 0}
    - target: {fileID: 540692074110072957, guid: a2227d38099164f9ea4fec61bee14dda,
        type: 3}
      propertyPath: m_ConnectedAnchor.z
      value: -0.0018432692
      objectReference: {fileID: 0}
    - target: {fileID: 1830548543789366682, guid: a2227d38099164f9ea4fec61bee14dda,
        type: 3}
      propertyPath: m_ConnectedAnchor.x
      value: 0.010083925
      objectReference: {fileID: 0}
    - target: {fileID: 1830548543789366682, guid: a2227d38099164f9ea4fec61bee14dda,
        type: 3}
      propertyPath: m_ConnectedAnchor.y
      value: 0.01137355
      objectReference: {fileID: 0}
    - target: {fileID: 1830548543789366682, guid: a2227d38099164f9ea4fec61bee14dda,
        type: 3}
      propertyPath: m_ConnectedAnchor.z
      value: -0.0012420375
      objectReference: {fileID: 0}
    - target: {fileID: 2267420513521056984, guid: a2227d38099164f9ea4fec61bee14dda,
        type: 3}
      propertyPath: m_ConnectedAnchor.x
      value: -6.1118116e-10
      objectReference: {fileID: 0}
    - target: {fileID: 2267420513521056984, guid: a2227d38099164f9ea4fec61bee14dda,
        type: 3}
      propertyPath: m_ConnectedAnchor.y
      value: 0.021108389
      objectReference: {fileID: 0}
    - target: {fileID: 2267420513521056984, guid: a2227d38099164f9ea4fec61bee14dda,
        type: 3}
      propertyPath: m_ConnectedAnchor.z
      value: -0.000000003841846
      objectReference: {fileID: 0}
    - target: {fileID: 3777441923108264892, guid: a2227d38099164f9ea4fec61bee14dda,
        type: 3}
      propertyPath: m_ConnectedAnchor.x
      value: 0.0077029252
      objectReference: {fileID: 0}
    - target: {fileID: 3777441923108264892, guid: a2227d38099164f9ea4fec61bee14dda,
        type: 3}
      propertyPath: m_ConnectedAnchor.y
      value: 0.0019972497
      objectReference: {fileID: 0}
    - target: {fileID: 3777441923108264892, guid: a2227d38099164f9ea4fec61bee14dda,
        type: 3}
      propertyPath: m_ConnectedAnchor.z
      value: -0.0018432566
      objectReference: {fileID: 0}
    - target: {fileID: 4764139380776096538, guid: a2227d38099164f9ea4fec61bee14dda,
        type: 3}
      propertyPath: m_ConnectedAnchor.x
      value: 0.0000000107102105
      objectReference: {fileID: 0}
    - target: {fileID: 4764139380776096538, guid: a2227d38099164f9ea4fec61bee14dda,
        type: 3}
      propertyPath: m_ConnectedAnchor.y
      value: 0.010437222
      objectReference: {fileID: 0}
    - target: {fileID: 4764139380776096538, guid: a2227d38099164f9ea4fec61bee14dda,
        type: 3}
      propertyPath: m_ConnectedAnchor.z
      value: -0.000000014435502
      objectReference: {fileID: 0}
    - target: {fileID: 5463859073951553924, guid: a2227d38099164f9ea4fec61bee14dda,
        type: 3}
      propertyPath: m_ConnectedAnchor.x
      value: -2.1100058e-10
      objectReference: {fileID: 0}
    - target: {fileID: 5463859073951553924, guid: a2227d38099164f9ea4fec61bee14dda,
        type: 3}
      propertyPath: m_ConnectedAnchor.y
      value: 0.024322286
      objectReference: {fileID: 0}
    - target: {fileID: 5463859073951553924, guid: a2227d38099164f9ea4fec61bee14dda,
        type: 3}
      propertyPath: m_ConnectedAnchor.z
      value: -0.0018553084
      objectReference: {fileID: 0}
    - target: {fileID: 6635670674864049612, guid: a2227d38099164f9ea4fec61bee14dda,
        type: 3}
      propertyPath: m_ConnectedAnchor.x
      value: -1.5045201e-11
      objectReference: {fileID: 0}
    - target: {fileID: 6635670674864049612, guid: a2227d38099164f9ea4fec61bee14dda,
        type: 3}
      propertyPath: m_ConnectedAnchor.y
      value: 0.019915612
      objectReference: {fileID: 0}
    - target: {fileID: 6635670674864049612, guid: a2227d38099164f9ea4fec61bee14dda,
        type: 3}
      propertyPath: m_ConnectedAnchor.z
      value: -0.00018996888
      objectReference: {fileID: 0}
    - target: {fileID: 7091892142192342112, guid: a2227d38099164f9ea4fec61bee14dda,
        type: 3}
      propertyPath: m_LocalPosition.x
      value: 0.0000001937151
      objectReference: {fileID: 0}
    - target: {fileID: 7091892142192342112, guid: a2227d38099164f9ea4fec61bee14dda,
        type: 3}
      propertyPath: m_LocalPosition.y
      value: 0
      objectReference: {fileID: 0}
    - target: {fileID: 7091892142192342112, guid: a2227d38099164f9ea4fec61bee14dda,
        type: 3}
      propertyPath: m_LocalPosition.z
      value: -3
      objectReference: {fileID: 0}
    - target: {fileID: 7091892142192342112, guid: a2227d38099164f9ea4fec61bee14dda,
        type: 3}
      propertyPath: m_LocalRotation.x
      value: -0
      objectReference: {fileID: 0}
    - target: {fileID: 7091892142192342112, guid: a2227d38099164f9ea4fec61bee14dda,
        type: 3}
      propertyPath: m_LocalRotation.y
      value: 1
      objectReference: {fileID: 0}
    - target: {fileID: 7091892142192342112, guid: a2227d38099164f9ea4fec61bee14dda,
        type: 3}
      propertyPath: m_LocalRotation.z
      value: -0
      objectReference: {fileID: 0}
    - target: {fileID: 7091892142192342112, guid: a2227d38099164f9ea4fec61bee14dda,
        type: 3}
      propertyPath: m_LocalRotation.w
      value: 0.00000028088027
      objectReference: {fileID: 0}
    - target: {fileID: 7091892142192342112, guid: a2227d38099164f9ea4fec61bee14dda,
        type: 3}
      propertyPath: m_RootOrder
      value: 3
      objectReference: {fileID: 0}
    - target: {fileID: 7091892142192342112, guid: a2227d38099164f9ea4fec61bee14dda,
        type: 3}
      propertyPath: m_LocalEulerAnglesHint.x
      value: 0
      objectReference: {fileID: 0}
    - target: {fileID: 7091892142192342112, guid: a2227d38099164f9ea4fec61bee14dda,
        type: 3}
      propertyPath: m_LocalEulerAnglesHint.y
      value: 179.99998
      objectReference: {fileID: 0}
    - target: {fileID: 7091892142192342112, guid: a2227d38099164f9ea4fec61bee14dda,
        type: 3}
      propertyPath: m_LocalEulerAnglesHint.z
      value: 0
      objectReference: {fileID: 0}
    - target: {fileID: 7091892142192568320, guid: a2227d38099164f9ea4fec61bee14dda,
        type: 3}
      propertyPath: m_Name
      value: EnemyweaponLevel1 (3)
      objectReference: {fileID: 0}
    - target: {fileID: 7281912664468862692, guid: a2227d38099164f9ea4fec61bee14dda,
        type: 3}
      propertyPath: m_ConnectedAnchor.y
      value: 0.011373549
      objectReference: {fileID: 0}
    - target: {fileID: 7281912664468862692, guid: a2227d38099164f9ea4fec61bee14dda,
        type: 3}
      propertyPath: m_ConnectedAnchor.z
      value: -0.0012420275
      objectReference: {fileID: 0}
    - target: {fileID: 7281912664468862692, guid: a2227d38099164f9ea4fec61bee14dda,
        type: 3}
      propertyPath: m_ConnectedAnchor.x
      value: -0.010083925
      objectReference: {fileID: 0}
    m_RemovedComponents: []
  m_SourcePrefab: {fileID: 100100000, guid: a2227d38099164f9ea4fec61bee14dda, type: 3}
--- !u!4 &5838328787739082667 stripped
Transform:
  m_CorrespondingSourceObject: {fileID: 7091892142192342112, guid: a2227d38099164f9ea4fec61bee14dda,
    type: 3}
  m_PrefabInstance: {fileID: 3706074699451452363}
  m_PrefabAsset: {fileID: 0}
--- !u!1001 &5235218124791404491
PrefabInstance:
  m_ObjectHideFlags: 0
  serializedVersion: 2
  m_Modification:
    m_TransformParent: {fileID: 931030364233113849}
    m_Modifications:
    - target: {fileID: 771610940868305254, guid: 28849c3d3151540a292b806871db1214,
        type: 3}
      propertyPath: m_ConnectedAnchor.x
      value: 0.0000000107102105
      objectReference: {fileID: 0}
    - target: {fileID: 771610940868305254, guid: 28849c3d3151540a292b806871db1214,
        type: 3}
      propertyPath: m_ConnectedAnchor.y
      value: 0.010437222
      objectReference: {fileID: 0}
    - target: {fileID: 771610940868305254, guid: 28849c3d3151540a292b806871db1214,
        type: 3}
      propertyPath: m_ConnectedAnchor.z
      value: -0.000000014435502
      objectReference: {fileID: 0}
    - target: {fileID: 1599773599175242997, guid: 28849c3d3151540a292b806871db1214,
        type: 3}
      propertyPath: m_ConnectedAnchor.x
      value: -0.0000000036379832
      objectReference: {fileID: 0}
    - target: {fileID: 1599773599175242997, guid: 28849c3d3151540a292b806871db1214,
        type: 3}
      propertyPath: m_ConnectedAnchor.y
      value: 0.021108396
      objectReference: {fileID: 0}
    - target: {fileID: 1599773599175242997, guid: 28849c3d3151540a292b806871db1214,
        type: 3}
      propertyPath: m_ConnectedAnchor.z
      value: 0.0000000033761667
      objectReference: {fileID: 0}
    - target: {fileID: 2044467422896472876, guid: 28849c3d3151540a292b806871db1214,
        type: 3}
      propertyPath: m_ConnectedAnchor.y
      value: 0.001997249
      objectReference: {fileID: 0}
    - target: {fileID: 2044467422896472876, guid: 28849c3d3151540a292b806871db1214,
        type: 3}
      propertyPath: m_ConnectedAnchor.z
      value: -0.001843265
      objectReference: {fileID: 0}
    - target: {fileID: 2044467422896472876, guid: 28849c3d3151540a292b806871db1214,
        type: 3}
      propertyPath: m_ConnectedAnchor.x
      value: 0.0077029346
      objectReference: {fileID: 0}
    - target: {fileID: 2058918892739445626, guid: 28849c3d3151540a292b806871db1214,
        type: 3}
      propertyPath: m_Name
      value: EnemyLevel2 (3)
      objectReference: {fileID: 0}
    - target: {fileID: 2058918892739551002, guid: 28849c3d3151540a292b806871db1214,
        type: 3}
      propertyPath: m_LocalPosition.x
      value: 8
      objectReference: {fileID: 0}
    - target: {fileID: 2058918892739551002, guid: 28849c3d3151540a292b806871db1214,
        type: 3}
      propertyPath: m_LocalPosition.y
      value: 0
      objectReference: {fileID: 0}
    - target: {fileID: 2058918892739551002, guid: 28849c3d3151540a292b806871db1214,
        type: 3}
      propertyPath: m_LocalPosition.z
      value: 5
      objectReference: {fileID: 0}
    - target: {fileID: 2058918892739551002, guid: 28849c3d3151540a292b806871db1214,
        type: 3}
      propertyPath: m_LocalRotation.x
      value: -0
      objectReference: {fileID: 0}
    - target: {fileID: 2058918892739551002, guid: 28849c3d3151540a292b806871db1214,
        type: 3}
      propertyPath: m_LocalRotation.y
      value: 1
      objectReference: {fileID: 0}
    - target: {fileID: 2058918892739551002, guid: 28849c3d3151540a292b806871db1214,
        type: 3}
      propertyPath: m_LocalRotation.z
      value: -0
      objectReference: {fileID: 0}
    - target: {fileID: 2058918892739551002, guid: 28849c3d3151540a292b806871db1214,
        type: 3}
      propertyPath: m_LocalRotation.w
      value: 0.00000028088027
      objectReference: {fileID: 0}
    - target: {fileID: 2058918892739551002, guid: 28849c3d3151540a292b806871db1214,
        type: 3}
      propertyPath: m_RootOrder
      value: 7
      objectReference: {fileID: 0}
    - target: {fileID: 2058918892739551002, guid: 28849c3d3151540a292b806871db1214,
        type: 3}
      propertyPath: m_LocalEulerAnglesHint.x
      value: 0
      objectReference: {fileID: 0}
    - target: {fileID: 2058918892739551002, guid: 28849c3d3151540a292b806871db1214,
        type: 3}
      propertyPath: m_LocalEulerAnglesHint.y
      value: 179.99998
      objectReference: {fileID: 0}
    - target: {fileID: 2058918892739551002, guid: 28849c3d3151540a292b806871db1214,
        type: 3}
      propertyPath: m_LocalEulerAnglesHint.z
      value: 0
      objectReference: {fileID: 0}
    - target: {fileID: 5254670159548738174, guid: 28849c3d3151540a292b806871db1214,
        type: 3}
      propertyPath: m_ConnectedAnchor.x
      value: -0.000000010041884
      objectReference: {fileID: 0}
    - target: {fileID: 5254670159548738174, guid: 28849c3d3151540a292b806871db1214,
        type: 3}
      propertyPath: m_ConnectedAnchor.y
      value: 0.019915614
      objectReference: {fileID: 0}
    - target: {fileID: 5254670159548738174, guid: 28849c3d3151540a292b806871db1214,
        type: 3}
      propertyPath: m_ConnectedAnchor.z
      value: -0.0001899875
      objectReference: {fileID: 0}
    - target: {fileID: 5497630780365844529, guid: 28849c3d3151540a292b806871db1214,
        type: 3}
      propertyPath: m_ConnectedAnchor.y
      value: 0.011373546
      objectReference: {fileID: 0}
    - target: {fileID: 5497630780365844529, guid: 28849c3d3151540a292b806871db1214,
        type: 3}
      propertyPath: m_ConnectedAnchor.z
      value: -0.0012420202
      objectReference: {fileID: 0}
    - target: {fileID: 5497630780365844529, guid: 28849c3d3151540a292b806871db1214,
        type: 3}
      propertyPath: m_ConnectedAnchor.x
      value: -0.010083924
      objectReference: {fileID: 0}
    - target: {fileID: 5607967659694561119, guid: 28849c3d3151540a292b806871db1214,
        type: 3}
      propertyPath: m_ConnectedAnchor.x
      value: -0.000000012805685
      objectReference: {fileID: 0}
    - target: {fileID: 5607967659694561119, guid: 28849c3d3151540a292b806871db1214,
        type: 3}
      propertyPath: m_ConnectedAnchor.y
      value: 0.010437235
      objectReference: {fileID: 0}
    - target: {fileID: 5607967659694561119, guid: 28849c3d3151540a292b806871db1214,
        type: 3}
      propertyPath: m_ConnectedAnchor.z
      value: 0.000000012107195
      objectReference: {fileID: 0}
    - target: {fileID: 6634354401340981542, guid: 28849c3d3151540a292b806871db1214,
        type: 3}
      propertyPath: m_ConnectedAnchor.x
      value: 0.010083932
      objectReference: {fileID: 0}
    - target: {fileID: 6634354401340981542, guid: 28849c3d3151540a292b806871db1214,
        type: 3}
      propertyPath: m_ConnectedAnchor.y
      value: 0.011373549
      objectReference: {fileID: 0}
    - target: {fileID: 6634354401340981542, guid: 28849c3d3151540a292b806871db1214,
        type: 3}
      propertyPath: m_ConnectedAnchor.z
      value: -0.0012420303
      objectReference: {fileID: 0}
    - target: {fileID: 7079656752179102640, guid: 28849c3d3151540a292b806871db1214,
        type: 3}
      propertyPath: m_ConnectedAnchor.x
      value: -0.0077029234
      objectReference: {fileID: 0}
    - target: {fileID: 7079656752179102640, guid: 28849c3d3151540a292b806871db1214,
        type: 3}
      propertyPath: m_ConnectedAnchor.y
      value: 0.0019972497
      objectReference: {fileID: 0}
    - target: {fileID: 7079656752179102640, guid: 28849c3d3151540a292b806871db1214,
        type: 3}
      propertyPath: m_ConnectedAnchor.z
      value: -0.0018432548
      objectReference: {fileID: 0}
    - target: {fileID: 8336871176985976356, guid: 28849c3d3151540a292b806871db1214,
        type: 3}
      propertyPath: m_ConnectedAnchor.x
      value: -0.000000008889133
      objectReference: {fileID: 0}
    - target: {fileID: 8336871176985976356, guid: 28849c3d3151540a292b806871db1214,
        type: 3}
      propertyPath: m_ConnectedAnchor.y
      value: 0.024322286
      objectReference: {fileID: 0}
    - target: {fileID: 8336871176985976356, guid: 28849c3d3151540a292b806871db1214,
        type: 3}
      propertyPath: m_ConnectedAnchor.z
      value: -0.0018552917
      objectReference: {fileID: 0}
    - target: {fileID: 8393733245613765702, guid: 28849c3d3151540a292b806871db1214,
        type: 3}
      propertyPath: m_ConnectedAnchor.y
      value: 0.021108394
      objectReference: {fileID: 0}
    - target: {fileID: 8393733245613765702, guid: 28849c3d3151540a292b806871db1214,
        type: 3}
      propertyPath: m_ConnectedAnchor.z
      value: 0.000000009080726
      objectReference: {fileID: 0}
    - target: {fileID: 8393733245613765702, guid: 28849c3d3151540a292b806871db1214,
        type: 3}
      propertyPath: m_ConnectedAnchor.x
      value: -0.000000008090875
      objectReference: {fileID: 0}
    m_RemovedComponents: []
  m_SourcePrefab: {fileID: 100100000, guid: 28849c3d3151540a292b806871db1214, type: 3}
--- !u!4 &6067902267983661265 stripped
Transform:
  m_CorrespondingSourceObject: {fileID: 2058918892739551002, guid: 28849c3d3151540a292b806871db1214,
    type: 3}
  m_PrefabInstance: {fileID: 5235218124791404491}
  m_PrefabAsset: {fileID: 0}
--- !u!1001 &5269545401994978817
PrefabInstance:
  m_ObjectHideFlags: 0
  serializedVersion: 2
  m_Modification:
    m_TransformParent: {fileID: 931030364233113849}
    m_Modifications:
    - target: {fileID: 32590463929998885, guid: a2227d38099164f9ea4fec61bee14dda,
        type: 3}
      propertyPath: m_ConnectedAnchor.x
      value: 1.1641546e-10
      objectReference: {fileID: 0}
    - target: {fileID: 32590463929998885, guid: a2227d38099164f9ea4fec61bee14dda,
        type: 3}
      propertyPath: m_ConnectedAnchor.y
      value: 0.021108398
      objectReference: {fileID: 0}
    - target: {fileID: 32590463929998885, guid: a2227d38099164f9ea4fec61bee14dda,
        type: 3}
      propertyPath: m_ConnectedAnchor.z
      value: -4.6567816e-10
      objectReference: {fileID: 0}
    - target: {fileID: 281913908308828760, guid: a2227d38099164f9ea4fec61bee14dda,
        type: 3}
      propertyPath: m_ConnectedAnchor.x
      value: -0.00000002165325
      objectReference: {fileID: 0}
    - target: {fileID: 281913908308828760, guid: a2227d38099164f9ea4fec61bee14dda,
        type: 3}
      propertyPath: m_ConnectedAnchor.y
      value: 0.01043721
      objectReference: {fileID: 0}
    - target: {fileID: 281913908308828760, guid: a2227d38099164f9ea4fec61bee14dda,
        type: 3}
      propertyPath: m_ConnectedAnchor.z
      value: 9.313227e-10
      objectReference: {fileID: 0}
    - target: {fileID: 540692074110072957, guid: a2227d38099164f9ea4fec61bee14dda,
        type: 3}
      propertyPath: m_ConnectedAnchor.x
      value: -0.0077029252
      objectReference: {fileID: 0}
    - target: {fileID: 540692074110072957, guid: a2227d38099164f9ea4fec61bee14dda,
        type: 3}
      propertyPath: m_ConnectedAnchor.y
      value: 0.001997249
      objectReference: {fileID: 0}
    - target: {fileID: 540692074110072957, guid: a2227d38099164f9ea4fec61bee14dda,
        type: 3}
      propertyPath: m_ConnectedAnchor.z
      value: -0.0018432632
      objectReference: {fileID: 0}
    - target: {fileID: 1830548543789366682, guid: a2227d38099164f9ea4fec61bee14dda,
        type: 3}
      propertyPath: m_ConnectedAnchor.x
      value: 0.010083925
      objectReference: {fileID: 0}
    - target: {fileID: 1830548543789366682, guid: a2227d38099164f9ea4fec61bee14dda,
        type: 3}
      propertyPath: m_ConnectedAnchor.y
      value: 0.01137355
      objectReference: {fileID: 0}
    - target: {fileID: 1830548543789366682, guid: a2227d38099164f9ea4fec61bee14dda,
        type: 3}
      propertyPath: m_ConnectedAnchor.z
      value: -0.0012420375
      objectReference: {fileID: 0}
    - target: {fileID: 2267420513521056984, guid: a2227d38099164f9ea4fec61bee14dda,
        type: 3}
      propertyPath: m_ConnectedAnchor.x
      value: -6.4028505e-10
      objectReference: {fileID: 0}
    - target: {fileID: 2267420513521056984, guid: a2227d38099164f9ea4fec61bee14dda,
        type: 3}
      propertyPath: m_ConnectedAnchor.y
      value: 0.021108394
      objectReference: {fileID: 0}
    - target: {fileID: 2267420513521056984, guid: a2227d38099164f9ea4fec61bee14dda,
        type: 3}
      propertyPath: m_ConnectedAnchor.z
      value: 0.000000001629874
      objectReference: {fileID: 0}
    - target: {fileID: 3777441923108264892, guid: a2227d38099164f9ea4fec61bee14dda,
        type: 3}
      propertyPath: m_ConnectedAnchor.x
      value: 0.0077029252
      objectReference: {fileID: 0}
    - target: {fileID: 3777441923108264892, guid: a2227d38099164f9ea4fec61bee14dda,
        type: 3}
      propertyPath: m_ConnectedAnchor.y
      value: 0.001997249
      objectReference: {fileID: 0}
    - target: {fileID: 3777441923108264892, guid: a2227d38099164f9ea4fec61bee14dda,
        type: 3}
      propertyPath: m_ConnectedAnchor.z
      value: -0.0018432678
      objectReference: {fileID: 0}
    - target: {fileID: 4764139380776096538, guid: a2227d38099164f9ea4fec61bee14dda,
        type: 3}
      propertyPath: m_ConnectedAnchor.x
      value: 0.000000011175873
      objectReference: {fileID: 0}
    - target: {fileID: 4764139380776096538, guid: a2227d38099164f9ea4fec61bee14dda,
        type: 3}
      propertyPath: m_ConnectedAnchor.y
      value: 0.010437224
      objectReference: {fileID: 0}
    - target: {fileID: 4764139380776096538, guid: a2227d38099164f9ea4fec61bee14dda,
        type: 3}
      propertyPath: m_ConnectedAnchor.z
      value: -0.0000000039581214
      objectReference: {fileID: 0}
    - target: {fileID: 5463859073951553924, guid: a2227d38099164f9ea4fec61bee14dda,
        type: 3}
      propertyPath: m_ConnectedAnchor.x
      value: -2.1099929e-10
      objectReference: {fileID: 0}
    - target: {fileID: 5463859073951553924, guid: a2227d38099164f9ea4fec61bee14dda,
        type: 3}
      propertyPath: m_ConnectedAnchor.y
      value: 0.024322286
      objectReference: {fileID: 0}
    - target: {fileID: 5463859073951553924, guid: a2227d38099164f9ea4fec61bee14dda,
        type: 3}
      propertyPath: m_ConnectedAnchor.z
      value: -0.0018552972
      objectReference: {fileID: 0}
    - target: {fileID: 6635670674864049612, guid: a2227d38099164f9ea4fec61bee14dda,
        type: 3}
      propertyPath: m_ConnectedAnchor.x
      value: -1.5045645e-11
      objectReference: {fileID: 0}
    - target: {fileID: 6635670674864049612, guid: a2227d38099164f9ea4fec61bee14dda,
        type: 3}
      propertyPath: m_ConnectedAnchor.y
      value: 0.01991561
      objectReference: {fileID: 0}
    - target: {fileID: 6635670674864049612, guid: a2227d38099164f9ea4fec61bee14dda,
        type: 3}
      propertyPath: m_ConnectedAnchor.z
      value: -0.0001899768
      objectReference: {fileID: 0}
    - target: {fileID: 7091892142192342112, guid: a2227d38099164f9ea4fec61bee14dda,
        type: 3}
      propertyPath: m_LocalPosition.x
      value: 0
      objectReference: {fileID: 0}
    - target: {fileID: 7091892142192342112, guid: a2227d38099164f9ea4fec61bee14dda,
        type: 3}
      propertyPath: m_LocalPosition.y
      value: 0
      objectReference: {fileID: 0}
    - target: {fileID: 7091892142192342112, guid: a2227d38099164f9ea4fec61bee14dda,
        type: 3}
      propertyPath: m_LocalPosition.z
      value: 1
      objectReference: {fileID: 0}
    - target: {fileID: 7091892142192342112, guid: a2227d38099164f9ea4fec61bee14dda,
        type: 3}
      propertyPath: m_LocalRotation.x
      value: -0
      objectReference: {fileID: 0}
    - target: {fileID: 7091892142192342112, guid: a2227d38099164f9ea4fec61bee14dda,
        type: 3}
      propertyPath: m_LocalRotation.y
      value: 1
      objectReference: {fileID: 0}
    - target: {fileID: 7091892142192342112, guid: a2227d38099164f9ea4fec61bee14dda,
        type: 3}
      propertyPath: m_LocalRotation.z
      value: -0
      objectReference: {fileID: 0}
    - target: {fileID: 7091892142192342112, guid: a2227d38099164f9ea4fec61bee14dda,
        type: 3}
      propertyPath: m_LocalRotation.w
      value: 0.00000028088027
      objectReference: {fileID: 0}
    - target: {fileID: 7091892142192342112, guid: a2227d38099164f9ea4fec61bee14dda,
        type: 3}
      propertyPath: m_RootOrder
      value: 1
      objectReference: {fileID: 0}
    - target: {fileID: 7091892142192342112, guid: a2227d38099164f9ea4fec61bee14dda,
        type: 3}
      propertyPath: m_LocalEulerAnglesHint.x
      value: 0
      objectReference: {fileID: 0}
    - target: {fileID: 7091892142192342112, guid: a2227d38099164f9ea4fec61bee14dda,
        type: 3}
      propertyPath: m_LocalEulerAnglesHint.y
      value: 179.99998
      objectReference: {fileID: 0}
    - target: {fileID: 7091892142192342112, guid: a2227d38099164f9ea4fec61bee14dda,
        type: 3}
      propertyPath: m_LocalEulerAnglesHint.z
      value: 0
      objectReference: {fileID: 0}
    - target: {fileID: 7091892142192568320, guid: a2227d38099164f9ea4fec61bee14dda,
        type: 3}
      propertyPath: m_Name
      value: EnemyweaponLevel1 (1)
      objectReference: {fileID: 0}
    - target: {fileID: 7281912664468862692, guid: a2227d38099164f9ea4fec61bee14dda,
        type: 3}
      propertyPath: m_ConnectedAnchor.y
      value: 0.01137355
      objectReference: {fileID: 0}
    - target: {fileID: 7281912664468862692, guid: a2227d38099164f9ea4fec61bee14dda,
        type: 3}
      propertyPath: m_ConnectedAnchor.z
      value: -0.0012420384
      objectReference: {fileID: 0}
    - target: {fileID: 7281912664468862692, guid: a2227d38099164f9ea4fec61bee14dda,
        type: 3}
      propertyPath: m_ConnectedAnchor.x
      value: -0.010083925
      objectReference: {fileID: 0}
    m_RemovedComponents: []
  m_SourcePrefab: {fileID: 100100000, guid: a2227d38099164f9ea4fec61bee14dda, type: 3}
--- !u!4 &3119404422559830625 stripped
Transform:
  m_CorrespondingSourceObject: {fileID: 7091892142192342112, guid: a2227d38099164f9ea4fec61bee14dda,
    type: 3}
  m_PrefabInstance: {fileID: 5269545401994978817}
  m_PrefabAsset: {fileID: 0}
--- !u!1001 &8438692854274179916
PrefabInstance:
  m_ObjectHideFlags: 0
  serializedVersion: 2
  m_Modification:
    m_TransformParent: {fileID: 931030364233113849}
    m_Modifications:
    - target: {fileID: 32590463929998885, guid: a2227d38099164f9ea4fec61bee14dda,
        type: 3}
      propertyPath: m_ConnectedAnchor.x
      value: 1.1641546e-10
      objectReference: {fileID: 0}
    - target: {fileID: 32590463929998885, guid: a2227d38099164f9ea4fec61bee14dda,
        type: 3}
      propertyPath: m_ConnectedAnchor.y
      value: 0.021108394
      objectReference: {fileID: 0}
    - target: {fileID: 32590463929998885, guid: a2227d38099164f9ea4fec61bee14dda,
        type: 3}
      propertyPath: m_ConnectedAnchor.z
      value: -0.000000011641954
      objectReference: {fileID: 0}
    - target: {fileID: 281913908308828760, guid: a2227d38099164f9ea4fec61bee14dda,
        type: 3}
      propertyPath: m_ConnectedAnchor.x
      value: -0.000000022118911
      objectReference: {fileID: 0}
    - target: {fileID: 281913908308828760, guid: a2227d38099164f9ea4fec61bee14dda,
        type: 3}
      propertyPath: m_ConnectedAnchor.y
      value: 0.010437211
      objectReference: {fileID: 0}
    - target: {fileID: 281913908308828760, guid: a2227d38099164f9ea4fec61bee14dda,
        type: 3}
      propertyPath: m_ConnectedAnchor.z
      value: -0.000000010244549
      objectReference: {fileID: 0}
    - target: {fileID: 540692074110072957, guid: a2227d38099164f9ea4fec61bee14dda,
        type: 3}
      propertyPath: m_ConnectedAnchor.x
      value: -0.0077029252
      objectReference: {fileID: 0}
    - target: {fileID: 540692074110072957, guid: a2227d38099164f9ea4fec61bee14dda,
        type: 3}
      propertyPath: m_ConnectedAnchor.y
      value: 0.0019972487
      objectReference: {fileID: 0}
    - target: {fileID: 540692074110072957, guid: a2227d38099164f9ea4fec61bee14dda,
        type: 3}
      propertyPath: m_ConnectedAnchor.z
      value: -0.0018432692
      objectReference: {fileID: 0}
    - target: {fileID: 1830548543789366682, guid: a2227d38099164f9ea4fec61bee14dda,
        type: 3}
      propertyPath: m_ConnectedAnchor.x
      value: 0.010083925
      objectReference: {fileID: 0}
    - target: {fileID: 1830548543789366682, guid: a2227d38099164f9ea4fec61bee14dda,
        type: 3}
      propertyPath: m_ConnectedAnchor.y
      value: 0.01137355
      objectReference: {fileID: 0}
    - target: {fileID: 1830548543789366682, guid: a2227d38099164f9ea4fec61bee14dda,
        type: 3}
      propertyPath: m_ConnectedAnchor.z
      value: -0.0012420375
      objectReference: {fileID: 0}
    - target: {fileID: 2267420513521056984, guid: a2227d38099164f9ea4fec61bee14dda,
        type: 3}
      propertyPath: m_ConnectedAnchor.x
      value: -6.1118116e-10
      objectReference: {fileID: 0}
    - target: {fileID: 2267420513521056984, guid: a2227d38099164f9ea4fec61bee14dda,
        type: 3}
      propertyPath: m_ConnectedAnchor.y
      value: 0.021108389
      objectReference: {fileID: 0}
    - target: {fileID: 2267420513521056984, guid: a2227d38099164f9ea4fec61bee14dda,
        type: 3}
      propertyPath: m_ConnectedAnchor.z
      value: -0.000000003841846
      objectReference: {fileID: 0}
    - target: {fileID: 3777441923108264892, guid: a2227d38099164f9ea4fec61bee14dda,
        type: 3}
      propertyPath: m_ConnectedAnchor.x
      value: 0.0077029252
      objectReference: {fileID: 0}
    - target: {fileID: 3777441923108264892, guid: a2227d38099164f9ea4fec61bee14dda,
        type: 3}
      propertyPath: m_ConnectedAnchor.y
      value: 0.0019972497
      objectReference: {fileID: 0}
    - target: {fileID: 3777441923108264892, guid: a2227d38099164f9ea4fec61bee14dda,
        type: 3}
      propertyPath: m_ConnectedAnchor.z
      value: -0.0018432566
      objectReference: {fileID: 0}
    - target: {fileID: 4764139380776096538, guid: a2227d38099164f9ea4fec61bee14dda,
        type: 3}
      propertyPath: m_ConnectedAnchor.x
      value: 0.0000000107102105
      objectReference: {fileID: 0}
    - target: {fileID: 4764139380776096538, guid: a2227d38099164f9ea4fec61bee14dda,
        type: 3}
      propertyPath: m_ConnectedAnchor.y
      value: 0.010437222
      objectReference: {fileID: 0}
    - target: {fileID: 5463859073951553924, guid: a2227d38099164f9ea4fec61bee14dda,
        type: 3}
      propertyPath: m_ConnectedAnchor.x
      value: -2.1100058e-10
      objectReference: {fileID: 0}
    - target: {fileID: 5463859073951553924, guid: a2227d38099164f9ea4fec61bee14dda,
        type: 3}
      propertyPath: m_ConnectedAnchor.y
      value: 0.024322286
      objectReference: {fileID: 0}
    - target: {fileID: 5463859073951553924, guid: a2227d38099164f9ea4fec61bee14dda,
        type: 3}
      propertyPath: m_ConnectedAnchor.z
      value: -0.0018553084
      objectReference: {fileID: 0}
    - target: {fileID: 6635670674864049612, guid: a2227d38099164f9ea4fec61bee14dda,
        type: 3}
      propertyPath: m_ConnectedAnchor.x
      value: -1.5045201e-11
      objectReference: {fileID: 0}
    - target: {fileID: 6635670674864049612, guid: a2227d38099164f9ea4fec61bee14dda,
        type: 3}
      propertyPath: m_ConnectedAnchor.y
      value: 0.019915612
      objectReference: {fileID: 0}
    - target: {fileID: 6635670674864049612, guid: a2227d38099164f9ea4fec61bee14dda,
        type: 3}
      propertyPath: m_ConnectedAnchor.z
      value: -0.00018996888
      objectReference: {fileID: 0}
    - target: {fileID: 7091892142192342112, guid: a2227d38099164f9ea4fec61bee14dda,
        type: 3}
      propertyPath: m_LocalPosition.x
      value: 0
      objectReference: {fileID: 0}
    - target: {fileID: 7091892142192342112, guid: a2227d38099164f9ea4fec61bee14dda,
        type: 3}
      propertyPath: m_LocalPosition.y
      value: 0
      objectReference: {fileID: 0}
    - target: {fileID: 7091892142192342112, guid: a2227d38099164f9ea4fec61bee14dda,
        type: 3}
      propertyPath: m_LocalPosition.z
      value: 3
      objectReference: {fileID: 0}
    - target: {fileID: 7091892142192342112, guid: a2227d38099164f9ea4fec61bee14dda,
        type: 3}
      propertyPath: m_LocalRotation.x
      value: -0
      objectReference: {fileID: 0}
    - target: {fileID: 7091892142192342112, guid: a2227d38099164f9ea4fec61bee14dda,
        type: 3}
      propertyPath: m_LocalRotation.y
      value: 1
      objectReference: {fileID: 0}
    - target: {fileID: 7091892142192342112, guid: a2227d38099164f9ea4fec61bee14dda,
        type: 3}
      propertyPath: m_LocalRotation.z
      value: -0
      objectReference: {fileID: 0}
    - target: {fileID: 7091892142192342112, guid: a2227d38099164f9ea4fec61bee14dda,
        type: 3}
      propertyPath: m_LocalRotation.w
      value: 0.00000028088027
      objectReference: {fileID: 0}
    - target: {fileID: 7091892142192342112, guid: a2227d38099164f9ea4fec61bee14dda,
        type: 3}
      propertyPath: m_RootOrder
      value: 0
      objectReference: {fileID: 0}
    - target: {fileID: 7091892142192342112, guid: a2227d38099164f9ea4fec61bee14dda,
        type: 3}
      propertyPath: m_LocalEulerAnglesHint.x
      value: 0
      objectReference: {fileID: 0}
    - target: {fileID: 7091892142192342112, guid: a2227d38099164f9ea4fec61bee14dda,
        type: 3}
      propertyPath: m_LocalEulerAnglesHint.y
      value: 179.99998
      objectReference: {fileID: 0}
    - target: {fileID: 7091892142192342112, guid: a2227d38099164f9ea4fec61bee14dda,
        type: 3}
      propertyPath: m_LocalEulerAnglesHint.z
      value: 0
      objectReference: {fileID: 0}
    - target: {fileID: 7091892142192568320, guid: a2227d38099164f9ea4fec61bee14dda,
        type: 3}
      propertyPath: m_Name
      value: EnemyweaponLevel1
      objectReference: {fileID: 0}
    - target: {fileID: 7281912664468862692, guid: a2227d38099164f9ea4fec61bee14dda,
        type: 3}
      propertyPath: m_ConnectedAnchor.y
      value: 0.011373549
      objectReference: {fileID: 0}
    - target: {fileID: 7281912664468862692, guid: a2227d38099164f9ea4fec61bee14dda,
        type: 3}
      propertyPath: m_ConnectedAnchor.z
      value: -0.0012420275
      objectReference: {fileID: 0}
    - target: {fileID: 7281912664468862692, guid: a2227d38099164f9ea4fec61bee14dda,
        type: 3}
      propertyPath: m_ConnectedAnchor.x
      value: -0.010083925
      objectReference: {fileID: 0}
    m_RemovedComponents: []
  m_SourcePrefab: {fileID: 100100000, guid: a2227d38099164f9ea4fec61bee14dda, type: 3}
--- !u!4 &1690877518273443628 stripped
Transform:
  m_CorrespondingSourceObject: {fileID: 7091892142192342112, guid: a2227d38099164f9ea4fec61bee14dda,
    type: 3}
  m_PrefabInstance: {fileID: 8438692854274179916}
  m_PrefabAsset: {fileID: 0}
--- !u!1001 &8763306903865603704
PrefabInstance:
  m_ObjectHideFlags: 0
  serializedVersion: 2
  m_Modification:
    m_TransformParent: {fileID: 931030364233113849}
    m_Modifications:
    - target: {fileID: 771610940868305254, guid: 28849c3d3151540a292b806871db1214,
        type: 3}
      propertyPath: m_ConnectedAnchor.x
      value: 0.0000000107102105
      objectReference: {fileID: 0}
    - target: {fileID: 771610940868305254, guid: 28849c3d3151540a292b806871db1214,
        type: 3}
      propertyPath: m_ConnectedAnchor.y
      value: 0.010437222
      objectReference: {fileID: 0}
    - target: {fileID: 771610940868305254, guid: 28849c3d3151540a292b806871db1214,
        type: 3}
      propertyPath: m_ConnectedAnchor.z
      value: -0.000000014435502
      objectReference: {fileID: 0}
    - target: {fileID: 1599773599175242997, guid: 28849c3d3151540a292b806871db1214,
        type: 3}
      propertyPath: m_ConnectedAnchor.x
      value: 0.000000026164376
      objectReference: {fileID: 0}
    - target: {fileID: 1599773599175242997, guid: 28849c3d3151540a292b806871db1214,
        type: 3}
      propertyPath: m_ConnectedAnchor.y
      value: 0.021108396
      objectReference: {fileID: 0}
    - target: {fileID: 1599773599175242997, guid: 28849c3d3151540a292b806871db1214,
        type: 3}
      propertyPath: m_ConnectedAnchor.z
      value: 0.0000000033761667
      objectReference: {fileID: 0}
    - target: {fileID: 2044467422896472876, guid: 28849c3d3151540a292b806871db1214,
        type: 3}
      propertyPath: m_ConnectedAnchor.y
      value: 0.001997249
      objectReference: {fileID: 0}
    - target: {fileID: 2044467422896472876, guid: 28849c3d3151540a292b806871db1214,
        type: 3}
      propertyPath: m_ConnectedAnchor.z
      value: -0.001843265
      objectReference: {fileID: 0}
    - target: {fileID: 2044467422896472876, guid: 28849c3d3151540a292b806871db1214,
        type: 3}
      propertyPath: m_ConnectedAnchor.x
      value: 0.0077029043
      objectReference: {fileID: 0}
    - target: {fileID: 2058918892739445626, guid: 28849c3d3151540a292b806871db1214,
        type: 3}
      propertyPath: m_Name
      value: EnemyLevel2
      objectReference: {fileID: 0}
    - target: {fileID: 2058918892739551002, guid: 28849c3d3151540a292b806871db1214,
        type: 3}
      propertyPath: m_LocalPosition.x
      value: -8
      objectReference: {fileID: 0}
    - target: {fileID: 2058918892739551002, guid: 28849c3d3151540a292b806871db1214,
        type: 3}
      propertyPath: m_LocalPosition.y
      value: 0
      objectReference: {fileID: 0}
    - target: {fileID: 2058918892739551002, guid: 28849c3d3151540a292b806871db1214,
        type: 3}
      propertyPath: m_LocalPosition.z
      value: -6
      objectReference: {fileID: 0}
    - target: {fileID: 2058918892739551002, guid: 28849c3d3151540a292b806871db1214,
        type: 3}
      propertyPath: m_LocalRotation.x
      value: -0
      objectReference: {fileID: 0}
    - target: {fileID: 2058918892739551002, guid: 28849c3d3151540a292b806871db1214,
        type: 3}
      propertyPath: m_LocalRotation.y
      value: 1
      objectReference: {fileID: 0}
    - target: {fileID: 2058918892739551002, guid: 28849c3d3151540a292b806871db1214,
        type: 3}
      propertyPath: m_LocalRotation.z
      value: -0
      objectReference: {fileID: 0}
    - target: {fileID: 2058918892739551002, guid: 28849c3d3151540a292b806871db1214,
        type: 3}
      propertyPath: m_LocalRotation.w
      value: 0.00000028088027
      objectReference: {fileID: 0}
    - target: {fileID: 2058918892739551002, guid: 28849c3d3151540a292b806871db1214,
        type: 3}
      propertyPath: m_RootOrder
      value: 4
      objectReference: {fileID: 0}
    - target: {fileID: 2058918892739551002, guid: 28849c3d3151540a292b806871db1214,
        type: 3}
      propertyPath: m_LocalEulerAnglesHint.x
      value: 0
      objectReference: {fileID: 0}
    - target: {fileID: 2058918892739551002, guid: 28849c3d3151540a292b806871db1214,
        type: 3}
      propertyPath: m_LocalEulerAnglesHint.y
      value: 179.99998
      objectReference: {fileID: 0}
    - target: {fileID: 2058918892739551002, guid: 28849c3d3151540a292b806871db1214,
        type: 3}
      propertyPath: m_LocalEulerAnglesHint.z
      value: 0
      objectReference: {fileID: 0}
    - target: {fileID: 5254670159548738174, guid: 28849c3d3151540a292b806871db1214,
        type: 3}
      propertyPath: m_ConnectedAnchor.x
      value: -0.000000010041884
      objectReference: {fileID: 0}
    - target: {fileID: 5254670159548738174, guid: 28849c3d3151540a292b806871db1214,
        type: 3}
      propertyPath: m_ConnectedAnchor.y
      value: 0.019915614
      objectReference: {fileID: 0}
    - target: {fileID: 5254670159548738174, guid: 28849c3d3151540a292b806871db1214,
        type: 3}
      propertyPath: m_ConnectedAnchor.z
      value: -0.0001899875
      objectReference: {fileID: 0}
    - target: {fileID: 5497630780365844529, guid: 28849c3d3151540a292b806871db1214,
        type: 3}
      propertyPath: m_ConnectedAnchor.y
      value: 0.011373546
      objectReference: {fileID: 0}
    - target: {fileID: 5497630780365844529, guid: 28849c3d3151540a292b806871db1214,
        type: 3}
      propertyPath: m_ConnectedAnchor.z
      value: -0.0012420202
      objectReference: {fileID: 0}
    - target: {fileID: 5497630780365844529, guid: 28849c3d3151540a292b806871db1214,
        type: 3}
      propertyPath: m_ConnectedAnchor.x
      value: -0.010083924
      objectReference: {fileID: 0}
    - target: {fileID: 5607967659694561119, guid: 28849c3d3151540a292b806871db1214,
        type: 3}
      propertyPath: m_ConnectedAnchor.x
      value: -0.000000023981556
      objectReference: {fileID: 0}
    - target: {fileID: 5607967659694561119, guid: 28849c3d3151540a292b806871db1214,
        type: 3}
      propertyPath: m_ConnectedAnchor.y
      value: 0.010437207
      objectReference: {fileID: 0}
    - target: {fileID: 5607967659694561119, guid: 28849c3d3151540a292b806871db1214,
        type: 3}
      propertyPath: m_ConnectedAnchor.z
      value: 0.000000011874365
      objectReference: {fileID: 0}
    - target: {fileID: 6634354401340981542, guid: 28849c3d3151540a292b806871db1214,
        type: 3}
      propertyPath: m_ConnectedAnchor.x
      value: 0.010083903
      objectReference: {fileID: 0}
    - target: {fileID: 6634354401340981542, guid: 28849c3d3151540a292b806871db1214,
        type: 3}
      propertyPath: m_ConnectedAnchor.y
      value: 0.011373549
      objectReference: {fileID: 0}
    - target: {fileID: 6634354401340981542, guid: 28849c3d3151540a292b806871db1214,
        type: 3}
      propertyPath: m_ConnectedAnchor.z
      value: -0.0012420303
      objectReference: {fileID: 0}
    - target: {fileID: 7079656752179102640, guid: 28849c3d3151540a292b806871db1214,
        type: 3}
      propertyPath: m_ConnectedAnchor.x
      value: -0.0077029234
      objectReference: {fileID: 0}
    - target: {fileID: 7079656752179102640, guid: 28849c3d3151540a292b806871db1214,
        type: 3}
      propertyPath: m_ConnectedAnchor.y
      value: 0.0019972497
      objectReference: {fileID: 0}
    - target: {fileID: 7079656752179102640, guid: 28849c3d3151540a292b806871db1214,
        type: 3}
      propertyPath: m_ConnectedAnchor.z
      value: -0.0018432548
      objectReference: {fileID: 0}
    - target: {fileID: 8336871176985976356, guid: 28849c3d3151540a292b806871db1214,
        type: 3}
      propertyPath: m_ConnectedAnchor.x
      value: -0.000000008889133
      objectReference: {fileID: 0}
    - target: {fileID: 8336871176985976356, guid: 28849c3d3151540a292b806871db1214,
        type: 3}
      propertyPath: m_ConnectedAnchor.y
      value: 0.024322286
      objectReference: {fileID: 0}
    - target: {fileID: 8336871176985976356, guid: 28849c3d3151540a292b806871db1214,
        type: 3}
      propertyPath: m_ConnectedAnchor.z
      value: -0.0018552917
      objectReference: {fileID: 0}
    - target: {fileID: 8393733245613765702, guid: 28849c3d3151540a292b806871db1214,
        type: 3}
      propertyPath: m_ConnectedAnchor.y
      value: 0.021108394
      objectReference: {fileID: 0}
    - target: {fileID: 8393733245613765702, guid: 28849c3d3151540a292b806871db1214,
        type: 3}
      propertyPath: m_ConnectedAnchor.z
      value: 0.000000009080726
      objectReference: {fileID: 0}
    - target: {fileID: 8393733245613765702, guid: 28849c3d3151540a292b806871db1214,
        type: 3}
      propertyPath: m_ConnectedAnchor.x
      value: -0.000000008090875
      objectReference: {fileID: 0}
    m_RemovedComponents: []
  m_SourcePrefab: {fileID: 100100000, guid: 28849c3d3151540a292b806871db1214, type: 3}
--- !u!4 &7282103864578795874 stripped
Transform:
  m_CorrespondingSourceObject: {fileID: 2058918892739551002, guid: 28849c3d3151540a292b806871db1214,
    type: 3}
  m_PrefabInstance: {fileID: 8763306903865603704}
  m_PrefabAsset: {fileID: 0}
