%YAML 1.1
%TAG !u! tag:unity3d.com,2011:
--- !u!1 &163197851052205700
GameObject:
  m_ObjectHideFlags: 0
  m_CorrespondingSourceObject: {fileID: 0}
  m_PrefabInstance: {fileID: 0}
  m_PrefabAsset: {fileID: 0}
  serializedVersion: 6
  m_Component:
  - component: {fileID: 163197851052205703}
  - component: {fileID: 163197851052205699}
  - component: {fileID: 163197851052205696}
  - component: {fileID: 163197851052205697}
  - component: {fileID: 163197851052205702}
  m_Layer: 0
  m_Name: TUTORIAL
  m_TagString: Untagged
  m_Icon: {fileID: 0}
  m_NavMeshLayer: 0
  m_StaticEditorFlags: 0
  m_IsActive: 1
--- !u!224 &163197851052205703
RectTransform:
  m_ObjectHideFlags: 0
  m_CorrespondingSourceObject: {fileID: 0}
  m_PrefabInstance: {fileID: 0}
  m_PrefabAsset: {fileID: 0}
  m_GameObject: {fileID: 163197851052205700}
  m_LocalRotation: {x: 0.7071068, y: 0, z: 0, w: 0.7071068}
  m_LocalPosition: {x: 0, y: 0, z: -2}
  m_LocalScale: {x: 1, y: 1, z: 1}
  m_Children: []
  m_Father: {fileID: 6881696619050445031}
  m_RootOrder: 12
  m_LocalEulerAnglesHint: {x: 90, y: 0, z: 0}
  m_AnchorMin: {x: 0.5, y: 0.5}
  m_AnchorMax: {x: 0.5, y: 0.5}
  m_AnchoredPosition: {x: 0, y: 0.01}
  m_SizeDelta: {x: 20, y: 5}
  m_Pivot: {x: 0.5, y: 0.5}
--- !u!23 &163197851052205699
MeshRenderer:
  m_ObjectHideFlags: 0
  m_CorrespondingSourceObject: {fileID: 0}
  m_PrefabInstance: {fileID: 0}
  m_PrefabAsset: {fileID: 0}
  m_GameObject: {fileID: 163197851052205700}
  m_Enabled: 1
  m_CastShadows: 0
  m_ReceiveShadows: 0
  m_DynamicOccludee: 1
  m_MotionVectors: 1
  m_LightProbeUsage: 1
  m_ReflectionProbeUsage: 1
  m_RenderingLayerMask: 1
  m_RendererPriority: 0
  m_Materials:
  - {fileID: 2164040, guid: 5302535af1044152a457ed104f1f4b91, type: 2}
  m_StaticBatchInfo:
    firstSubMesh: 0
    subMeshCount: 0
  m_StaticBatchRoot: {fileID: 0}
  m_ProbeAnchor: {fileID: 0}
  m_LightProbeVolumeOverride: {fileID: 0}
  m_ScaleInLightmap: 1
  m_ReceiveGI: 1
  m_PreserveUVs: 0
  m_IgnoreNormalsForChartDetection: 0
  m_ImportantGI: 0
  m_StitchLightmapSeams: 1
  m_SelectedEditorRenderState: 3
  m_MinimumChartSize: 4
  m_AutoUVMaxDistance: 0.5
  m_AutoUVMaxAngle: 89
  m_LightmapParameters: {fileID: 0}
  m_SortingLayerID: 0
  m_SortingLayer: 0
  m_SortingOrder: 0
--- !u!33 &163197851052205696
MeshFilter:
  m_ObjectHideFlags: 0
  m_CorrespondingSourceObject: {fileID: 0}
  m_PrefabInstance: {fileID: 0}
  m_PrefabAsset: {fileID: 0}
  m_GameObject: {fileID: 163197851052205700}
  m_Mesh: {fileID: 0}
--- !u!222 &163197851052205697
CanvasRenderer:
  m_ObjectHideFlags: 0
  m_CorrespondingSourceObject: {fileID: 0}
  m_PrefabInstance: {fileID: 0}
  m_PrefabAsset: {fileID: 0}
  m_GameObject: {fileID: 163197851052205700}
  m_CullTransparentMesh: 0
--- !u!114 &163197851052205702
MonoBehaviour:
  m_ObjectHideFlags: 0
  m_CorrespondingSourceObject: {fileID: 0}
  m_PrefabInstance: {fileID: 0}
  m_PrefabAsset: {fileID: 0}
  m_GameObject: {fileID: 163197851052205700}
  m_Enabled: 1
  m_EditorHideFlags: 0
  m_Script: {fileID: 11500000, guid: 9541d86e2fd84c1d9990edf0852d74ab, type: 3}
  m_Name: 
  m_EditorClassIdentifier: 
  m_Material: {fileID: 0}
  m_Color: {r: 1, g: 1, b: 1, a: 1}
  m_RaycastTarget: 1
  m_OnCullStateChanged:
    m_PersistentCalls:
      m_Calls: []
  m_text: BREAK!
  m_isRightToLeft: 0
  m_fontAsset: {fileID: 11400000, guid: 5302535af1044152a457ed104f1f4b91, type: 2}
  m_sharedMaterial: {fileID: 2164040, guid: 5302535af1044152a457ed104f1f4b91, type: 2}
  m_fontSharedMaterials: []
  m_fontMaterial: {fileID: 0}
  m_fontMaterials: []
  m_fontColor32:
    serializedVersion: 2
    rgba: 4278190080
  m_fontColor: {r: 0, g: 0, b: 0, a: 1}
  m_enableVertexGradient: 0
  m_colorMode: 3
  m_fontColorGradient:
    topLeft: {r: 1, g: 1, b: 1, a: 1}
    topRight: {r: 1, g: 1, b: 1, a: 1}
    bottomLeft: {r: 1, g: 1, b: 1, a: 1}
    bottomRight: {r: 1, g: 1, b: 1, a: 1}
  m_fontColorGradientPreset: {fileID: 0}
  m_spriteAsset: {fileID: 0}
  m_tintAllSprites: 0
  m_overrideHtmlColors: 0
  m_faceColor:
    serializedVersion: 2
    rgba: 4294967295
  m_outlineColor:
    serializedVersion: 2
    rgba: 4278190080
  m_fontSize: 6
  m_fontSizeBase: 6
  m_fontWeight: 400
  m_enableAutoSizing: 0
  m_fontSizeMin: 18
  m_fontSizeMax: 72
  m_fontStyle: 0
  m_textAlignment: 514
  m_characterSpacing: 0
  m_wordSpacing: 0
  m_lineSpacing: 0
  m_lineSpacingMax: 0
  m_paragraphSpacing: 0
  m_charWidthMaxAdj: 0
  m_enableWordWrapping: 1
  m_wordWrappingRatios: 0.4
  m_overflowMode: 0
  m_firstOverflowCharacterIndex: -1
  m_linkedTextComponent: {fileID: 0}
  m_isLinkedTextComponent: 0
  m_isTextTruncated: 0
  m_enableKerning: 1
  m_enableExtraPadding: 0
  checkPaddingRequired: 0
  m_isRichText: 1
  m_parseCtrlCharacters: 1
  m_isOrthographic: 0
  m_isCullingEnabled: 0
  m_ignoreRectMaskCulling: 0
  m_ignoreCulling: 1
  m_horizontalMapping: 0
  m_verticalMapping: 0
  m_uvLineOffset: 0
  m_geometrySortingOrder: 0
  m_VertexBufferAutoSizeReduction: 1
  m_firstVisibleCharacter: 0
  m_useMaxVisibleDescender: 1
  m_pageToDisplay: 1
  m_margin: {x: 0, y: 0, z: 0, w: 0}
  m_textInfo:
    textComponent: {fileID: 163197851052205702}
    characterCount: 6
    spriteCount: 0
    spaceCount: 0
    wordCount: 1
    linkCount: 0
    lineCount: 1
    pageCount: 1
    materialCount: 1
  m_isUsingLegacyAnimationComponent: 0
  m_isVolumetricText: 0
  m_spriteAnimator: {fileID: 0}
  m_hasFontAssetChanged: 0
  m_renderer: {fileID: 163197851052205699}
  m_subTextObjects:
  - {fileID: 0}
  - {fileID: 0}
  - {fileID: 0}
  - {fileID: 0}
  - {fileID: 0}
  - {fileID: 0}
  - {fileID: 0}
  - {fileID: 0}
  m_maskType: 0
--- !u!1 &1594764415428649952
GameObject:
  m_ObjectHideFlags: 0
  m_CorrespondingSourceObject: {fileID: 0}
  m_PrefabInstance: {fileID: 0}
  m_PrefabAsset: {fileID: 0}
  serializedVersion: 6
  m_Component:
  - component: {fileID: 8774684335446003439}
  - component: {fileID: 5125069365828855815}
  - component: {fileID: 1394306957608834352}
  - component: {fileID: 3316800206542123881}
  m_Layer: 0
  m_Name: Cube
  m_TagString: Deadly
  m_Icon: {fileID: 0}
  m_NavMeshLayer: 0
  m_StaticEditorFlags: 0
  m_IsActive: 1
--- !u!4 &8774684335446003439
Transform:
  m_ObjectHideFlags: 0
  m_CorrespondingSourceObject: {fileID: 0}
  m_PrefabInstance: {fileID: 0}
  m_PrefabAsset: {fileID: 0}
  m_GameObject: {fileID: 1594764415428649952}
  m_LocalRotation: {x: 0, y: 0, z: 0, w: 1}
  m_LocalPosition: {x: 0, y: -4, z: -2}
  m_LocalScale: {x: 16, y: 2, z: 22}
  m_Children: []
  m_Father: {fileID: 6881696619050445031}
  m_RootOrder: 11
  m_LocalEulerAnglesHint: {x: 0, y: 0, z: 0}
--- !u!33 &5125069365828855815
MeshFilter:
  m_ObjectHideFlags: 0
  m_CorrespondingSourceObject: {fileID: 0}
  m_PrefabInstance: {fileID: 0}
  m_PrefabAsset: {fileID: 0}
  m_GameObject: {fileID: 1594764415428649952}
  m_Mesh: {fileID: 10202, guid: 0000000000000000e000000000000000, type: 0}
--- !u!23 &1394306957608834352
MeshRenderer:
  m_ObjectHideFlags: 0
  m_CorrespondingSourceObject: {fileID: 0}
  m_PrefabInstance: {fileID: 0}
  m_PrefabAsset: {fileID: 0}
  m_GameObject: {fileID: 1594764415428649952}
  m_Enabled: 0
  m_CastShadows: 1
  m_ReceiveShadows: 1
  m_DynamicOccludee: 1
  m_MotionVectors: 1
  m_LightProbeUsage: 1
  m_ReflectionProbeUsage: 1
  m_RenderingLayerMask: 1
  m_RendererPriority: 0
  m_Materials:
  - {fileID: 10303, guid: 0000000000000000f000000000000000, type: 0}
  m_StaticBatchInfo:
    firstSubMesh: 0
    subMeshCount: 0
  m_StaticBatchRoot: {fileID: 0}
  m_ProbeAnchor: {fileID: 0}
  m_LightProbeVolumeOverride: {fileID: 0}
  m_ScaleInLightmap: 1
  m_ReceiveGI: 1
  m_PreserveUVs: 0
  m_IgnoreNormalsForChartDetection: 0
  m_ImportantGI: 0
  m_StitchLightmapSeams: 1
  m_SelectedEditorRenderState: 3
  m_MinimumChartSize: 4
  m_AutoUVMaxDistance: 0.5
  m_AutoUVMaxAngle: 89
  m_LightmapParameters: {fileID: 0}
  m_SortingLayerID: 0
  m_SortingLayer: 0
  m_SortingOrder: 0
--- !u!65 &3316800206542123881
BoxCollider:
  m_ObjectHideFlags: 0
  m_CorrespondingSourceObject: {fileID: 0}
  m_PrefabInstance: {fileID: 0}
  m_PrefabAsset: {fileID: 0}
  m_GameObject: {fileID: 1594764415428649952}
  m_Material: {fileID: 0}
  m_IsTrigger: 1
  m_Enabled: 1
  serializedVersion: 2
  m_Size: {x: 1, y: 1, z: 1}
  m_Center: {x: 0, y: 0, z: 0}
--- !u!1 &6881696619050444824
GameObject:
  m_ObjectHideFlags: 0
  m_CorrespondingSourceObject: {fileID: 0}
  m_PrefabInstance: {fileID: 0}
  m_PrefabAsset: {fileID: 0}
  serializedVersion: 6
  m_Component:
  - component: {fileID: 6881696619050445031}
  - component: {fileID: 6881696619050445030}
  - component: {fileID: 1235876447930401404}
  - component: {fileID: 1033302485424319635}
  - component: {fileID: 407730958846320233}
  m_Layer: 0
  m_Name: LevelPrefab1-2
  m_TagString: Untagged
  m_Icon: {fileID: 0}
  m_NavMeshLayer: 0
  m_StaticEditorFlags: 0
  m_IsActive: 1
--- !u!4 &6881696619050445031
Transform:
  m_ObjectHideFlags: 0
  m_CorrespondingSourceObject: {fileID: 0}
  m_PrefabInstance: {fileID: 0}
  m_PrefabAsset: {fileID: 0}
  m_GameObject: {fileID: 6881696619050444824}
  m_LocalRotation: {x: 0, y: 0, z: 0, w: 1}
  m_LocalPosition: {x: 0, y: 0, z: 1}
  m_LocalScale: {x: 1, y: 1, z: 1}
  m_Children:
  - {fileID: 4687785666555637089}
  - {fileID: 4687785667717836849}
  - {fileID: 4687785666584224374}
  - {fileID: 4687785666688920939}
  - {fileID: 4687785667025387210}
  - {fileID: 4687785667854092793}
  - {fileID: 4687785667521616944}
  - {fileID: 4687785666354552075}
  - {fileID: 4687785666782051481}
  - {fileID: 4687785667282277543}
  - {fileID: 4687785668031209646}
  - {fileID: 8774684335446003439}
  - {fileID: 163197851052205703}
  - {fileID: 2740140343707822436}
  - {fileID: 6369385111761841380}
  - {fileID: 2781170604815606043}
  m_Father: {fileID: 0}
  m_RootOrder: 0
  m_LocalEulerAnglesHint: {x: 0, y: 0, z: 0}
--- !u!114 &6881696619050445030
MonoBehaviour:
  m_ObjectHideFlags: 0
  m_CorrespondingSourceObject: {fileID: 0}
  m_PrefabInstance: {fileID: 0}
  m_PrefabAsset: {fileID: 0}
  m_GameObject: {fileID: 6881696619050444824}
  m_Enabled: 1
  m_EditorHideFlags: 0
  m_Script: {fileID: 11500000, guid: 7da2e84290ff24257b6234a1a91296af, type: 3}
  m_Name: 
  m_EditorClassIdentifier: 
  initial: {fileID: 4687785668031209646}
  final: {fileID: 4687785666555637089}
  enemiesOrSquads: []
--- !u!114 &1235876447930401404
MonoBehaviour:
  m_ObjectHideFlags: 0
  m_CorrespondingSourceObject: {fileID: 0}
  m_PrefabInstance: {fileID: 0}
  m_PrefabAsset: {fileID: 0}
  m_GameObject: {fileID: 6881696619050444824}
  m_Enabled: 1
  m_EditorHideFlags: 0
  m_Script: {fileID: 11500000, guid: 7a5ac11cc976e418e8d13136b07e1f52, type: 3}
  m_Name: 
  m_EditorClassIdentifier: 
  m_AgentTypeID: 0
  m_CollectObjects: 2
  m_Size: {x: 10, y: 10, z: 10}
  m_Center: {x: 0, y: 2, z: 0}
  m_LayerMask:
    serializedVersion: 2
    m_Bits: 4294967295
  m_UseGeometry: 0
  m_DefaultArea: 0
  m_IgnoreNavMeshAgent: 1
  m_IgnoreNavMeshObstacle: 1
  m_OverrideTileSize: 0
  m_TileSize: 256
  m_OverrideVoxelSize: 0
  m_VoxelSize: 0.06666667
  m_BuildHeightMesh: 0
  m_NavMeshData: {fileID: 23800000, guid: 278ad65ddeed047e8a10241c24b89057, type: 2}
--- !u!114 &1033302485424319635
MonoBehaviour:
  m_ObjectHideFlags: 0
  m_CorrespondingSourceObject: {fileID: 0}
  m_PrefabInstance: {fileID: 0}
  m_PrefabAsset: {fileID: 0}
  m_GameObject: {fileID: 6881696619050444824}
  m_Enabled: 1
  m_EditorHideFlags: 0
  m_Script: {fileID: 11500000, guid: 6eeb5dc026fdf4b488bc7ae0138ab719, type: 3}
  m_Name: 
  m_EditorClassIdentifier: 
  m_AgentTypeID: 0
  m_StartPoint: {x: 0, y: 0, z: 7.5}
  m_EndPoint: {x: 0, y: 0, z: 8.5}
  m_Width: 0
  m_CostModifier: -1
  m_Bidirectional: 1
  m_AutoUpdatePosition: 1
  m_Area: 0
--- !u!114 &407730958846320233
MonoBehaviour:
  m_ObjectHideFlags: 0
  m_CorrespondingSourceObject: {fileID: 0}
  m_PrefabInstance: {fileID: 0}
  m_PrefabAsset: {fileID: 0}
  m_GameObject: {fileID: 6881696619050444824}
  m_Enabled: 1
  m_EditorHideFlags: 0
  m_Script: {fileID: 11500000, guid: 6eeb5dc026fdf4b488bc7ae0138ab719, type: 3}
  m_Name: 
  m_EditorClassIdentifier: 
  m_AgentTypeID: 0
  m_StartPoint: {x: 0, y: 0, z: -11.5}
  m_EndPoint: {x: 0, y: 0, z: -12.5}
  m_Width: 0
  m_CostModifier: -1
  m_Bidirectional: 1
  m_AutoUpdatePosition: 1
  m_Area: 0
--- !u!1001 &1543476693411276555
PrefabInstance:
  m_ObjectHideFlags: 0
  serializedVersion: 2
  m_Modification:
    m_TransformParent: {fileID: 6881696619050445031}
    m_Modifications:
    - target: {fileID: 976247727577372115, guid: 6ecacf3c72bc846cbad60b3aef877d92,
        type: 3}
      propertyPath: m_ConnectedAnchor.x
      value: 0.010083913
      objectReference: {fileID: 0}
    - target: {fileID: 1833515512106974859, guid: 6ecacf3c72bc846cbad60b3aef877d92,
        type: 3}
      propertyPath: m_ConnectedAnchor.x
      value: 0.000000009447991
      objectReference: {fileID: 0}
    - target: {fileID: 1833515512106974859, guid: 6ecacf3c72bc846cbad60b3aef877d92,
        type: 3}
      propertyPath: m_ConnectedAnchor.y
      value: 0.01991562
      objectReference: {fileID: 0}
    - target: {fileID: 1833515512106974859, guid: 6ecacf3c72bc846cbad60b3aef877d92,
        type: 3}
      propertyPath: m_ConnectedAnchor.z
      value: -0.0001899676
      objectReference: {fileID: 0}
    - target: {fileID: 2039605959890535338, guid: 6ecacf3c72bc846cbad60b3aef877d92,
        type: 3}
      propertyPath: m_ConnectedAnchor.x
      value: -0.000000018626451
      objectReference: {fileID: 0}
    - target: {fileID: 2039605959890535338, guid: 6ecacf3c72bc846cbad60b3aef877d92,
        type: 3}
      propertyPath: m_ConnectedAnchor.y
      value: 0.010437201
      objectReference: {fileID: 0}
    - target: {fileID: 2039605959890535338, guid: 6ecacf3c72bc846cbad60b3aef877d92,
        type: 3}
      propertyPath: m_ConnectedAnchor.z
      value: 0.000000008847565
      objectReference: {fileID: 0}
    - target: {fileID: 2149941187803817156, guid: 6ecacf3c72bc846cbad60b3aef877d92,
        type: 3}
      propertyPath: m_ConnectedAnchor.x
      value: -0.010083938
      objectReference: {fileID: 0}
    - target: {fileID: 2149941187803817156, guid: 6ecacf3c72bc846cbad60b3aef877d92,
        type: 3}
      propertyPath: m_ConnectedAnchor.y
      value: 0.011373546
      objectReference: {fileID: 0}
    - target: {fileID: 2149941187803817156, guid: 6ecacf3c72bc846cbad60b3aef877d92,
        type: 3}
      propertyPath: m_ConnectedAnchor.z
      value: -0.0012420202
      objectReference: {fileID: 0}
    - target: {fileID: 2463229463840918225, guid: 6ecacf3c72bc846cbad60b3aef877d92,
        type: 3}
      propertyPath: m_ConnectedAnchor.x
      value: 0.000000011252982
      objectReference: {fileID: 0}
    - target: {fileID: 2463229463840918225, guid: 6ecacf3c72bc846cbad60b3aef877d92,
        type: 3}
      propertyPath: m_ConnectedAnchor.y
      value: 0.024322286
      objectReference: {fileID: 0}
    - target: {fileID: 2463229463840918225, guid: 6ecacf3c72bc846cbad60b3aef877d92,
        type: 3}
      propertyPath: m_ConnectedAnchor.z
      value: -0.0018553028
      objectReference: {fileID: 0}
    - target: {fileID: 2729504516901920947, guid: 6ecacf3c72bc846cbad60b3aef877d92,
        type: 3}
      propertyPath: m_ConnectedAnchor.x
      value: 0.0000000067812005
      objectReference: {fileID: 0}
    - target: {fileID: 2729504516901920947, guid: 6ecacf3c72bc846cbad60b3aef877d92,
        type: 3}
      propertyPath: m_ConnectedAnchor.y
      value: 0.021108396
      objectReference: {fileID: 0}
    - target: {fileID: 2729504516901920947, guid: 6ecacf3c72bc846cbad60b3aef877d92,
        type: 3}
      propertyPath: m_ConnectedAnchor.z
      value: 0.000000005122461
      objectReference: {fileID: 0}
    - target: {fileID: 3720637679887865669, guid: 6ecacf3c72bc846cbad60b3aef877d92,
        type: 3}
      propertyPath: m_ConnectedAnchor.x
      value: -0.0077029224
      objectReference: {fileID: 0}
    - target: {fileID: 3720637679887865669, guid: 6ecacf3c72bc846cbad60b3aef877d92,
        type: 3}
      propertyPath: m_ConnectedAnchor.y
      value: 0.0019972483
      objectReference: {fileID: 0}
    - target: {fileID: 3720637679887865669, guid: 6ecacf3c72bc846cbad60b3aef877d92,
        type: 3}
      propertyPath: m_ConnectedAnchor.z
      value: -0.0018432776
      objectReference: {fileID: 0}
    - target: {fileID: 5165113734897721344, guid: 6ecacf3c72bc846cbad60b3aef877d92,
        type: 3}
      propertyPath: m_ConnectedAnchor.x
      value: -0.0000000035797754
      objectReference: {fileID: 0}
    - target: {fileID: 5165113734897721344, guid: 6ecacf3c72bc846cbad60b3aef877d92,
        type: 3}
      propertyPath: m_ConnectedAnchor.y
      value: 0.021108396
      objectReference: {fileID: 0}
    - target: {fileID: 5165113734897721344, guid: 6ecacf3c72bc846cbad60b3aef877d92,
        type: 3}
      propertyPath: m_ConnectedAnchor.z
      value: -0.00000001536738
      objectReference: {fileID: 0}
    - target: {fileID: 5552689699486816143, guid: 6ecacf3c72bc846cbad60b3aef877d92,
        type: 3}
      propertyPath: m_Name
      value: Squad (7)
      objectReference: {fileID: 0}
    - target: {fileID: 5552689699487108079, guid: 6ecacf3c72bc846cbad60b3aef877d92,
        type: 3}
      propertyPath: m_LocalPosition.x
      value: -3
      objectReference: {fileID: 0}
    - target: {fileID: 5552689699487108079, guid: 6ecacf3c72bc846cbad60b3aef877d92,
        type: 3}
      propertyPath: m_LocalPosition.y
      value: 0
      objectReference: {fileID: 0}
    - target: {fileID: 5552689699487108079, guid: 6ecacf3c72bc846cbad60b3aef877d92,
        type: 3}
      propertyPath: m_LocalPosition.z
      value: -2.5
      objectReference: {fileID: 0}
    - target: {fileID: 5552689699487108079, guid: 6ecacf3c72bc846cbad60b3aef877d92,
        type: 3}
      propertyPath: m_LocalRotation.x
      value: -0
      objectReference: {fileID: 0}
    - target: {fileID: 5552689699487108079, guid: 6ecacf3c72bc846cbad60b3aef877d92,
        type: 3}
      propertyPath: m_LocalRotation.y
      value: 0.9998631
      objectReference: {fileID: 0}
    - target: {fileID: 5552689699487108079, guid: 6ecacf3c72bc846cbad60b3aef877d92,
        type: 3}
      propertyPath: m_LocalRotation.z
      value: -0
      objectReference: {fileID: 0}
    - target: {fileID: 5552689699487108079, guid: 6ecacf3c72bc846cbad60b3aef877d92,
        type: 3}
      propertyPath: m_LocalRotation.w
      value: -0.016546931
      objectReference: {fileID: 0}
    - target: {fileID: 5552689699487108079, guid: 6ecacf3c72bc846cbad60b3aef877d92,
        type: 3}
      propertyPath: m_RootOrder
      value: 14
      objectReference: {fileID: 0}
    - target: {fileID: 5552689699487108079, guid: 6ecacf3c72bc846cbad60b3aef877d92,
        type: 3}
      propertyPath: m_LocalEulerAnglesHint.x
      value: 0
      objectReference: {fileID: 0}
    - target: {fileID: 5552689699487108079, guid: 6ecacf3c72bc846cbad60b3aef877d92,
        type: 3}
      propertyPath: m_LocalEulerAnglesHint.y
      value: 181.896
      objectReference: {fileID: 0}
    - target: {fileID: 5552689699487108079, guid: 6ecacf3c72bc846cbad60b3aef877d92,
        type: 3}
      propertyPath: m_LocalEulerAnglesHint.z
      value: 0
      objectReference: {fileID: 0}
    - target: {fileID: 5603263287231305689, guid: 6ecacf3c72bc846cbad60b3aef877d92,
        type: 3}
      propertyPath: m_ConnectedAnchor.x
      value: 0.007702917
      objectReference: {fileID: 0}
    - target: {fileID: 5603263287231305689, guid: 6ecacf3c72bc846cbad60b3aef877d92,
        type: 3}
      propertyPath: m_ConnectedAnchor.y
      value: 0.0019972497
      objectReference: {fileID: 0}
    - target: {fileID: 5603263287231305689, guid: 6ecacf3c72bc846cbad60b3aef877d92,
        type: 3}
      propertyPath: m_ConnectedAnchor.z
      value: -0.0018432566
      objectReference: {fileID: 0}
    - target: {fileID: 6568766274593109395, guid: 6ecacf3c72bc846cbad60b3aef877d92,
        type: 3}
      propertyPath: m_ConnectedAnchor.x
      value: 0.000000015133994
      objectReference: {fileID: 0}
    - target: {fileID: 6568766274593109395, guid: 6ecacf3c72bc846cbad60b3aef877d92,
        type: 3}
      propertyPath: m_ConnectedAnchor.y
      value: 0.010437213
      objectReference: {fileID: 0}
    - target: {fileID: 6568766274593109395, guid: 6ecacf3c72bc846cbad60b3aef877d92,
        type: 3}
      propertyPath: m_ConnectedAnchor.z
      value: 0.000000007683412
      objectReference: {fileID: 0}
    m_RemovedComponents: []
  m_SourcePrefab: {fileID: 100100000, guid: 6ecacf3c72bc846cbad60b3aef877d92, type: 3}
--- !u!4 &6369385111761841380 stripped
Transform:
  m_CorrespondingSourceObject: {fileID: 5552689699487108079, guid: 6ecacf3c72bc846cbad60b3aef877d92,
    type: 3}
  m_PrefabInstance: {fileID: 1543476693411276555}
  m_PrefabAsset: {fileID: 0}
--- !u!1001 &3113114923457805688
PrefabInstance:
  m_ObjectHideFlags: 0
  serializedVersion: 2
  m_Modification:
    m_TransformParent: {fileID: 6881696619050445031}
    m_Modifications:
    - target: {fileID: 557168967232209590, guid: a3e6e7f4eb811440ba4ca341c073e592,
        type: 3}
      propertyPath: m_Name
      value: BallBreakableSmall (1)
      objectReference: {fileID: 0}
    - target: {fileID: 985358584179170403, guid: a3e6e7f4eb811440ba4ca341c073e592,
        type: 3}
      propertyPath: m_LocalPosition.x
      value: -0.02141571
      objectReference: {fileID: 0}
    - target: {fileID: 985358584179170403, guid: a3e6e7f4eb811440ba4ca341c073e592,
        type: 3}
      propertyPath: m_LocalPosition.y
      value: 0
      objectReference: {fileID: 0}
    - target: {fileID: 985358584179170403, guid: a3e6e7f4eb811440ba4ca341c073e592,
        type: 3}
      propertyPath: m_LocalPosition.z
      value: 0.3711655
      objectReference: {fileID: 0}
    - target: {fileID: 985358584179170403, guid: a3e6e7f4eb811440ba4ca341c073e592,
        type: 3}
      propertyPath: m_LocalRotation.x
      value: -0
      objectReference: {fileID: 0}
    - target: {fileID: 985358584179170403, guid: a3e6e7f4eb811440ba4ca341c073e592,
        type: 3}
      propertyPath: m_LocalRotation.y
      value: -0
      objectReference: {fileID: 0}
    - target: {fileID: 985358584179170403, guid: a3e6e7f4eb811440ba4ca341c073e592,
        type: 3}
      propertyPath: m_LocalRotation.z
      value: -0
      objectReference: {fileID: 0}
    - target: {fileID: 985358584179170403, guid: a3e6e7f4eb811440ba4ca341c073e592,
        type: 3}
      propertyPath: m_LocalRotation.w
      value: 1
      objectReference: {fileID: 0}
    - target: {fileID: 985358584179170403, guid: a3e6e7f4eb811440ba4ca341c073e592,
        type: 3}
      propertyPath: m_RootOrder
      value: 15
      objectReference: {fileID: 0}
    - target: {fileID: 985358584179170403, guid: a3e6e7f4eb811440ba4ca341c073e592,
        type: 3}
      propertyPath: m_LocalEulerAnglesHint.x
      value: 0
      objectReference: {fileID: 0}
    - target: {fileID: 985358584179170403, guid: a3e6e7f4eb811440ba4ca341c073e592,
        type: 3}
      propertyPath: m_LocalEulerAnglesHint.y
      value: 0
      objectReference: {fileID: 0}
    - target: {fileID: 985358584179170403, guid: a3e6e7f4eb811440ba4ca341c073e592,
        type: 3}
      propertyPath: m_LocalEulerAnglesHint.z
      value: 0
      objectReference: {fileID: 0}
    - target: {fileID: 985358584179170403, guid: a3e6e7f4eb811440ba4ca341c073e592,
        type: 3}
      propertyPath: m_LocalScale.x
      value: 2
      objectReference: {fileID: 0}
    - target: {fileID: 985358584179170403, guid: a3e6e7f4eb811440ba4ca341c073e592,
        type: 3}
      propertyPath: m_LocalScale.z
      value: 2
      objectReference: {fileID: 0}
    - target: {fileID: 985358584179170403, guid: a3e6e7f4eb811440ba4ca341c073e592,
        type: 3}
      propertyPath: m_LocalScale.y
      value: 2
      objectReference: {fileID: 0}
    - target: {fileID: 5617087542540443430, guid: a3e6e7f4eb811440ba4ca341c073e592,
        type: 3}
      propertyPath: m_textInfo.characterCount
      value: 1
      objectReference: {fileID: 0}
    - target: {fileID: 5617087542540443430, guid: a3e6e7f4eb811440ba4ca341c073e592,
        type: 3}
      propertyPath: m_textInfo.wordCount
      value: 1
      objectReference: {fileID: 0}
    - target: {fileID: 5617087542540443430, guid: a3e6e7f4eb811440ba4ca341c073e592,
        type: 3}
      propertyPath: m_textInfo.lineCount
      value: 1
      objectReference: {fileID: 0}
    - target: {fileID: 5617087542540443430, guid: a3e6e7f4eb811440ba4ca341c073e592,
        type: 3}
      propertyPath: m_textInfo.pageCount
      value: 1
      objectReference: {fileID: 0}
    - target: {fileID: 8066983072024732996, guid: a3e6e7f4eb811440ba4ca341c073e592,
        type: 3}
      propertyPath: maxMinions
      value: 5
      objectReference: {fileID: 0}
    - target: {fileID: 8066983072024732996, guid: a3e6e7f4eb811440ba4ca341c073e592,
        type: 3}
      propertyPath: life
      value: 3
      objectReference: {fileID: 0}
    - target: {fileID: 8487119348351840658, guid: a3e6e7f4eb811440ba4ca341c073e592,
        type: 3}
      propertyPath: m_LocalScale.y
      value: 0
      objectReference: {fileID: 0}
    m_RemovedComponents: []
  m_SourcePrefab: {fileID: 100100000, guid: a3e6e7f4eb811440ba4ca341c073e592, type: 3}
--- !u!4 &2781170604815606043 stripped
Transform:
  m_CorrespondingSourceObject: {fileID: 985358584179170403, guid: a3e6e7f4eb811440ba4ca341c073e592,
    type: 3}
  m_PrefabInstance: {fileID: 3113114923457805688}
  m_PrefabAsset: {fileID: 0}
--- !u!1001 &6881696618032340127
PrefabInstance:
  m_ObjectHideFlags: 0
  serializedVersion: 2
  m_Modification:
    m_TransformParent: {fileID: 6881696619050445031}
    m_Modifications:
    - target: {fileID: 2201959670033678511, guid: 9a5f761746793419e8ccd15e1c9ce26c,
        type: 3}
      propertyPath: m_LocalPosition.x
      value: 4
      objectReference: {fileID: 0}
    - target: {fileID: 2201959670033678511, guid: 9a5f761746793419e8ccd15e1c9ce26c,
        type: 3}
      propertyPath: m_LocalPosition.y
      value: 0
      objectReference: {fileID: 0}
    - target: {fileID: 2201959670033678511, guid: 9a5f761746793419e8ccd15e1c9ce26c,
        type: 3}
      propertyPath: m_LocalPosition.z
      value: -2
      objectReference: {fileID: 0}
    - target: {fileID: 2201959670033678511, guid: 9a5f761746793419e8ccd15e1c9ce26c,
        type: 3}
      propertyPath: m_LocalRotation.x
      value: -0
      objectReference: {fileID: 0}
    - target: {fileID: 2201959670033678511, guid: 9a5f761746793419e8ccd15e1c9ce26c,
        type: 3}
      propertyPath: m_LocalRotation.y
      value: -0
      objectReference: {fileID: 0}
    - target: {fileID: 2201959670033678511, guid: 9a5f761746793419e8ccd15e1c9ce26c,
        type: 3}
      propertyPath: m_LocalRotation.z
      value: -0
      objectReference: {fileID: 0}
    - target: {fileID: 2201959670033678511, guid: 9a5f761746793419e8ccd15e1c9ce26c,
        type: 3}
      propertyPath: m_LocalRotation.w
      value: 1
      objectReference: {fileID: 0}
    - target: {fileID: 2201959670033678511, guid: 9a5f761746793419e8ccd15e1c9ce26c,
        type: 3}
      propertyPath: m_RootOrder
      value: 6
      objectReference: {fileID: 0}
    - target: {fileID: 2201959670033678511, guid: 9a5f761746793419e8ccd15e1c9ce26c,
        type: 3}
      propertyPath: m_LocalEulerAnglesHint.x
      value: 0
      objectReference: {fileID: 0}
    - target: {fileID: 2201959670033678511, guid: 9a5f761746793419e8ccd15e1c9ce26c,
        type: 3}
      propertyPath: m_LocalEulerAnglesHint.y
      value: 0
      objectReference: {fileID: 0}
    - target: {fileID: 2201959670033678511, guid: 9a5f761746793419e8ccd15e1c9ce26c,
        type: 3}
      propertyPath: m_LocalEulerAnglesHint.z
      value: 0
      objectReference: {fileID: 0}
    - target: {fileID: 6384997738684674516, guid: 9a5f761746793419e8ccd15e1c9ce26c,
        type: 3}
      propertyPath: m_Name
      value: Cube4x4 (12)
      objectReference: {fileID: 0}
    m_RemovedComponents: []
  m_SourcePrefab: {fileID: 100100000, guid: 9a5f761746793419e8ccd15e1c9ce26c, type: 3}
--- !u!4 &4687785667521616944 stripped
Transform:
  m_CorrespondingSourceObject: {fileID: 2201959670033678511, guid: 9a5f761746793419e8ccd15e1c9ce26c,
    type: 3}
  m_PrefabInstance: {fileID: 6881696618032340127}
  m_PrefabAsset: {fileID: 0}
--- !u!1001 &6881696618360680606
PrefabInstance:
  m_ObjectHideFlags: 0
  serializedVersion: 2
  m_Modification:
    m_TransformParent: {fileID: 6881696619050445031}
    m_Modifications:
    - target: {fileID: 2201959670033678511, guid: 9a5f761746793419e8ccd15e1c9ce26c,
        type: 3}
      propertyPath: m_LocalPosition.x
      value: 4
      objectReference: {fileID: 0}
    - target: {fileID: 2201959670033678511, guid: 9a5f761746793419e8ccd15e1c9ce26c,
        type: 3}
      propertyPath: m_LocalPosition.y
      value: 0
      objectReference: {fileID: 0}
    - target: {fileID: 2201959670033678511, guid: 9a5f761746793419e8ccd15e1c9ce26c,
        type: 3}
      propertyPath: m_LocalPosition.z
      value: 2
      objectReference: {fileID: 0}
    - target: {fileID: 2201959670033678511, guid: 9a5f761746793419e8ccd15e1c9ce26c,
        type: 3}
      propertyPath: m_LocalRotation.x
      value: -0
      objectReference: {fileID: 0}
    - target: {fileID: 2201959670033678511, guid: 9a5f761746793419e8ccd15e1c9ce26c,
        type: 3}
      propertyPath: m_LocalRotation.y
      value: -0
      objectReference: {fileID: 0}
    - target: {fileID: 2201959670033678511, guid: 9a5f761746793419e8ccd15e1c9ce26c,
        type: 3}
      propertyPath: m_LocalRotation.z
      value: -0
      objectReference: {fileID: 0}
    - target: {fileID: 2201959670033678511, guid: 9a5f761746793419e8ccd15e1c9ce26c,
        type: 3}
      propertyPath: m_LocalRotation.w
      value: 1
      objectReference: {fileID: 0}
    - target: {fileID: 2201959670033678511, guid: 9a5f761746793419e8ccd15e1c9ce26c,
        type: 3}
      propertyPath: m_RootOrder
      value: 1
      objectReference: {fileID: 0}
    - target: {fileID: 2201959670033678511, guid: 9a5f761746793419e8ccd15e1c9ce26c,
        type: 3}
      propertyPath: m_LocalEulerAnglesHint.x
      value: 0
      objectReference: {fileID: 0}
    - target: {fileID: 2201959670033678511, guid: 9a5f761746793419e8ccd15e1c9ce26c,
        type: 3}
      propertyPath: m_LocalEulerAnglesHint.y
      value: 0
      objectReference: {fileID: 0}
    - target: {fileID: 2201959670033678511, guid: 9a5f761746793419e8ccd15e1c9ce26c,
        type: 3}
      propertyPath: m_LocalEulerAnglesHint.z
      value: 0
      objectReference: {fileID: 0}
    - target: {fileID: 6384997738684674516, guid: 9a5f761746793419e8ccd15e1c9ce26c,
        type: 3}
      propertyPath: m_Name
      value: Cube4x4 (9)
      objectReference: {fileID: 0}
    m_RemovedComponents: []
  m_SourcePrefab: {fileID: 100100000, guid: 9a5f761746793419e8ccd15e1c9ce26c, type: 3}
--- !u!4 &4687785667717836849 stripped
Transform:
  m_CorrespondingSourceObject: {fileID: 2201959670033678511, guid: 9a5f761746793419e8ccd15e1c9ce26c,
    type: 3}
  m_PrefabInstance: {fileID: 6881696618360680606}
  m_PrefabAsset: {fileID: 0}
--- !u!1001 &6881696618496936278
PrefabInstance:
  m_ObjectHideFlags: 0
  serializedVersion: 2
  m_Modification:
    m_TransformParent: {fileID: 6881696619050445031}
    m_Modifications:
    - target: {fileID: 2201959670033678511, guid: 9a5f761746793419e8ccd15e1c9ce26c,
        type: 3}
      propertyPath: m_LocalPosition.x
      value: 0
      objectReference: {fileID: 0}
    - target: {fileID: 2201959670033678511, guid: 9a5f761746793419e8ccd15e1c9ce26c,
        type: 3}
      propertyPath: m_LocalPosition.y
      value: 0
      objectReference: {fileID: 0}
    - target: {fileID: 2201959670033678511, guid: 9a5f761746793419e8ccd15e1c9ce26c,
        type: 3}
      propertyPath: m_LocalPosition.z
      value: -2
      objectReference: {fileID: 0}
    - target: {fileID: 2201959670033678511, guid: 9a5f761746793419e8ccd15e1c9ce26c,
        type: 3}
      propertyPath: m_LocalRotation.x
      value: -0
      objectReference: {fileID: 0}
    - target: {fileID: 2201959670033678511, guid: 9a5f761746793419e8ccd15e1c9ce26c,
        type: 3}
      propertyPath: m_LocalRotation.y
      value: -0
      objectReference: {fileID: 0}
    - target: {fileID: 2201959670033678511, guid: 9a5f761746793419e8ccd15e1c9ce26c,
        type: 3}
      propertyPath: m_LocalRotation.z
      value: -0
      objectReference: {fileID: 0}
    - target: {fileID: 2201959670033678511, guid: 9a5f761746793419e8ccd15e1c9ce26c,
        type: 3}
      propertyPath: m_LocalRotation.w
      value: 1
      objectReference: {fileID: 0}
    - target: {fileID: 2201959670033678511, guid: 9a5f761746793419e8ccd15e1c9ce26c,
        type: 3}
      propertyPath: m_RootOrder
      value: 5
      objectReference: {fileID: 0}
    - target: {fileID: 2201959670033678511, guid: 9a5f761746793419e8ccd15e1c9ce26c,
        type: 3}
      propertyPath: m_LocalEulerAnglesHint.x
      value: 0
      objectReference: {fileID: 0}
    - target: {fileID: 2201959670033678511, guid: 9a5f761746793419e8ccd15e1c9ce26c,
        type: 3}
      propertyPath: m_LocalEulerAnglesHint.y
      value: 0
      objectReference: {fileID: 0}
    - target: {fileID: 2201959670033678511, guid: 9a5f761746793419e8ccd15e1c9ce26c,
        type: 3}
      propertyPath: m_LocalEulerAnglesHint.z
      value: 0
      objectReference: {fileID: 0}
    - target: {fileID: 6384997738684674516, guid: 9a5f761746793419e8ccd15e1c9ce26c,
        type: 3}
      propertyPath: m_Name
      value: Cube4x4 (11)
      objectReference: {fileID: 0}
    m_RemovedComponents: []
  m_SourcePrefab: {fileID: 100100000, guid: 9a5f761746793419e8ccd15e1c9ce26c, type: 3}
--- !u!4 &4687785667854092793 stripped
Transform:
  m_CorrespondingSourceObject: {fileID: 2201959670033678511, guid: 9a5f761746793419e8ccd15e1c9ce26c,
    type: 3}
  m_PrefabInstance: {fileID: 6881696618496936278}
  m_PrefabAsset: {fileID: 0}
--- !u!1001 &6881696618541932545
PrefabInstance:
  m_ObjectHideFlags: 0
  serializedVersion: 2
  m_Modification:
    m_TransformParent: {fileID: 6881696619050445031}
    m_Modifications:
    - target: {fileID: 2201959670033678511, guid: 9a5f761746793419e8ccd15e1c9ce26c,
        type: 3}
      propertyPath: m_LocalPosition.x
      value: 0
      objectReference: {fileID: 0}
    - target: {fileID: 2201959670033678511, guid: 9a5f761746793419e8ccd15e1c9ce26c,
        type: 3}
      propertyPath: m_LocalPosition.y
      value: 0
      objectReference: {fileID: 0}
    - target: {fileID: 2201959670033678511, guid: 9a5f761746793419e8ccd15e1c9ce26c,
        type: 3}
      propertyPath: m_LocalPosition.z
      value: -10
      objectReference: {fileID: 0}
    - target: {fileID: 2201959670033678511, guid: 9a5f761746793419e8ccd15e1c9ce26c,
        type: 3}
      propertyPath: m_LocalRotation.x
      value: -0
      objectReference: {fileID: 0}
    - target: {fileID: 2201959670033678511, guid: 9a5f761746793419e8ccd15e1c9ce26c,
        type: 3}
      propertyPath: m_LocalRotation.y
      value: -0
      objectReference: {fileID: 0}
    - target: {fileID: 2201959670033678511, guid: 9a5f761746793419e8ccd15e1c9ce26c,
        type: 3}
      propertyPath: m_LocalRotation.z
      value: -0
      objectReference: {fileID: 0}
    - target: {fileID: 2201959670033678511, guid: 9a5f761746793419e8ccd15e1c9ce26c,
        type: 3}
      propertyPath: m_LocalRotation.w
      value: 1
      objectReference: {fileID: 0}
    - target: {fileID: 2201959670033678511, guid: 9a5f761746793419e8ccd15e1c9ce26c,
        type: 3}
      propertyPath: m_RootOrder
      value: 10
      objectReference: {fileID: 0}
    - target: {fileID: 2201959670033678511, guid: 9a5f761746793419e8ccd15e1c9ce26c,
        type: 3}
      propertyPath: m_LocalEulerAnglesHint.x
      value: 0
      objectReference: {fileID: 0}
    - target: {fileID: 2201959670033678511, guid: 9a5f761746793419e8ccd15e1c9ce26c,
        type: 3}
      propertyPath: m_LocalEulerAnglesHint.y
      value: 0
      objectReference: {fileID: 0}
    - target: {fileID: 2201959670033678511, guid: 9a5f761746793419e8ccd15e1c9ce26c,
        type: 3}
      propertyPath: m_LocalEulerAnglesHint.z
      value: 0
      objectReference: {fileID: 0}
    - target: {fileID: 6384997738684674516, guid: 9a5f761746793419e8ccd15e1c9ce26c,
        type: 3}
      propertyPath: m_Name
      value: Initial
      objectReference: {fileID: 0}
    m_RemovedComponents: []
  m_SourcePrefab: {fileID: 100100000, guid: 9a5f761746793419e8ccd15e1c9ce26c, type: 3}
--- !u!4 &4687785668031209646 stripped
Transform:
  m_CorrespondingSourceObject: {fileID: 2201959670033678511, guid: 9a5f761746793419e8ccd15e1c9ce26c,
    type: 3}
  m_PrefabInstance: {fileID: 6881696618541932545}
  m_PrefabAsset: {fileID: 0}
--- !u!1001 &6881696619144879524
PrefabInstance:
  m_ObjectHideFlags: 0
  serializedVersion: 2
  m_Modification:
    m_TransformParent: {fileID: 6881696619050445031}
    m_Modifications:
    - target: {fileID: 2201959670033678511, guid: 9a5f761746793419e8ccd15e1c9ce26c,
        type: 3}
      propertyPath: m_LocalPosition.x
      value: -4
      objectReference: {fileID: 0}
    - target: {fileID: 2201959670033678511, guid: 9a5f761746793419e8ccd15e1c9ce26c,
        type: 3}
      propertyPath: m_LocalPosition.y
      value: 0
      objectReference: {fileID: 0}
    - target: {fileID: 2201959670033678511, guid: 9a5f761746793419e8ccd15e1c9ce26c,
        type: 3}
      propertyPath: m_LocalPosition.z
      value: -6
      objectReference: {fileID: 0}
    - target: {fileID: 2201959670033678511, guid: 9a5f761746793419e8ccd15e1c9ce26c,
        type: 3}
      propertyPath: m_LocalRotation.x
      value: -0
      objectReference: {fileID: 0}
    - target: {fileID: 2201959670033678511, guid: 9a5f761746793419e8ccd15e1c9ce26c,
        type: 3}
      propertyPath: m_LocalRotation.y
      value: -0
      objectReference: {fileID: 0}
    - target: {fileID: 2201959670033678511, guid: 9a5f761746793419e8ccd15e1c9ce26c,
        type: 3}
      propertyPath: m_LocalRotation.z
      value: -0
      objectReference: {fileID: 0}
    - target: {fileID: 2201959670033678511, guid: 9a5f761746793419e8ccd15e1c9ce26c,
        type: 3}
      propertyPath: m_LocalRotation.w
      value: 1
      objectReference: {fileID: 0}
    - target: {fileID: 2201959670033678511, guid: 9a5f761746793419e8ccd15e1c9ce26c,
        type: 3}
      propertyPath: m_RootOrder
      value: 7
      objectReference: {fileID: 0}
    - target: {fileID: 2201959670033678511, guid: 9a5f761746793419e8ccd15e1c9ce26c,
        type: 3}
      propertyPath: m_LocalEulerAnglesHint.x
      value: 0
      objectReference: {fileID: 0}
    - target: {fileID: 2201959670033678511, guid: 9a5f761746793419e8ccd15e1c9ce26c,
        type: 3}
      propertyPath: m_LocalEulerAnglesHint.y
      value: 0
      objectReference: {fileID: 0}
    - target: {fileID: 2201959670033678511, guid: 9a5f761746793419e8ccd15e1c9ce26c,
        type: 3}
      propertyPath: m_LocalEulerAnglesHint.z
      value: 0
      objectReference: {fileID: 0}
    - target: {fileID: 6384997738684674516, guid: 9a5f761746793419e8ccd15e1c9ce26c,
        type: 3}
      propertyPath: m_Name
      value: Cube4x4 (13)
      objectReference: {fileID: 0}
    m_RemovedComponents: []
  m_SourcePrefab: {fileID: 100100000, guid: 9a5f761746793419e8ccd15e1c9ce26c, type: 3}
--- !u!4 &4687785666354552075 stripped
Transform:
  m_CorrespondingSourceObject: {fileID: 2201959670033678511, guid: 9a5f761746793419e8ccd15e1c9ce26c,
    type: 3}
  m_PrefabInstance: {fileID: 6881696619144879524}
  m_PrefabAsset: {fileID: 0}
--- !u!1001 &6881696619212795342
PrefabInstance:
  m_ObjectHideFlags: 0
  serializedVersion: 2
  m_Modification:
    m_TransformParent: {fileID: 6881696619050445031}
    m_Modifications:
    - target: {fileID: 2201959670033678511, guid: 9a5f761746793419e8ccd15e1c9ce26c,
        type: 3}
      propertyPath: m_LocalPosition.x
      value: 0
      objectReference: {fileID: 0}
    - target: {fileID: 2201959670033678511, guid: 9a5f761746793419e8ccd15e1c9ce26c,
        type: 3}
      propertyPath: m_LocalPosition.y
      value: 0
      objectReference: {fileID: 0}
    - target: {fileID: 2201959670033678511, guid: 9a5f761746793419e8ccd15e1c9ce26c,
        type: 3}
      propertyPath: m_LocalPosition.z
      value: 6
      objectReference: {fileID: 0}
    - target: {fileID: 2201959670033678511, guid: 9a5f761746793419e8ccd15e1c9ce26c,
        type: 3}
      propertyPath: m_LocalRotation.x
      value: -0
      objectReference: {fileID: 0}
    - target: {fileID: 2201959670033678511, guid: 9a5f761746793419e8ccd15e1c9ce26c,
        type: 3}
      propertyPath: m_LocalRotation.y
      value: -0
      objectReference: {fileID: 0}
    - target: {fileID: 2201959670033678511, guid: 9a5f761746793419e8ccd15e1c9ce26c,
        type: 3}
      propertyPath: m_LocalRotation.z
      value: -0
      objectReference: {fileID: 0}
    - target: {fileID: 2201959670033678511, guid: 9a5f761746793419e8ccd15e1c9ce26c,
        type: 3}
      propertyPath: m_LocalRotation.w
      value: 1
      objectReference: {fileID: 0}
    - target: {fileID: 2201959670033678511, guid: 9a5f761746793419e8ccd15e1c9ce26c,
        type: 3}
      propertyPath: m_RootOrder
      value: 0
      objectReference: {fileID: 0}
    - target: {fileID: 2201959670033678511, guid: 9a5f761746793419e8ccd15e1c9ce26c,
        type: 3}
      propertyPath: m_LocalEulerAnglesHint.x
      value: 0
      objectReference: {fileID: 0}
    - target: {fileID: 2201959670033678511, guid: 9a5f761746793419e8ccd15e1c9ce26c,
        type: 3}
      propertyPath: m_LocalEulerAnglesHint.y
      value: 0
      objectReference: {fileID: 0}
    - target: {fileID: 2201959670033678511, guid: 9a5f761746793419e8ccd15e1c9ce26c,
        type: 3}
      propertyPath: m_LocalEulerAnglesHint.z
      value: 0
      objectReference: {fileID: 0}
    - target: {fileID: 6384997738684674516, guid: 9a5f761746793419e8ccd15e1c9ce26c,
        type: 3}
      propertyPath: m_Name
      value: End
      objectReference: {fileID: 0}
    m_RemovedComponents: []
  m_SourcePrefab: {fileID: 100100000, guid: 9a5f761746793419e8ccd15e1c9ce26c, type: 3}
--- !u!4 &4687785666555637089 stripped
Transform:
  m_CorrespondingSourceObject: {fileID: 2201959670033678511, guid: 9a5f761746793419e8ccd15e1c9ce26c,
    type: 3}
  m_PrefabInstance: {fileID: 6881696619212795342}
  m_PrefabAsset: {fileID: 0}
--- !u!1001 &6881696619242431193
PrefabInstance:
  m_ObjectHideFlags: 0
  serializedVersion: 2
  m_Modification:
    m_TransformParent: {fileID: 6881696619050445031}
    m_Modifications:
    - target: {fileID: 2201959670033678511, guid: 9a5f761746793419e8ccd15e1c9ce26c,
        type: 3}
      propertyPath: m_LocalPosition.x
      value: -4
      objectReference: {fileID: 0}
    - target: {fileID: 2201959670033678511, guid: 9a5f761746793419e8ccd15e1c9ce26c,
        type: 3}
      propertyPath: m_LocalPosition.y
      value: 0
      objectReference: {fileID: 0}
    - target: {fileID: 2201959670033678511, guid: 9a5f761746793419e8ccd15e1c9ce26c,
        type: 3}
      propertyPath: m_LocalPosition.z
      value: 2
      objectReference: {fileID: 0}
    - target: {fileID: 2201959670033678511, guid: 9a5f761746793419e8ccd15e1c9ce26c,
        type: 3}
      propertyPath: m_LocalRotation.x
      value: -0
      objectReference: {fileID: 0}
    - target: {fileID: 2201959670033678511, guid: 9a5f761746793419e8ccd15e1c9ce26c,
        type: 3}
      propertyPath: m_LocalRotation.y
      value: -0
      objectReference: {fileID: 0}
    - target: {fileID: 2201959670033678511, guid: 9a5f761746793419e8ccd15e1c9ce26c,
        type: 3}
      propertyPath: m_LocalRotation.z
      value: -0
      objectReference: {fileID: 0}
    - target: {fileID: 2201959670033678511, guid: 9a5f761746793419e8ccd15e1c9ce26c,
        type: 3}
      propertyPath: m_LocalRotation.w
      value: 1
      objectReference: {fileID: 0}
    - target: {fileID: 2201959670033678511, guid: 9a5f761746793419e8ccd15e1c9ce26c,
        type: 3}
      propertyPath: m_RootOrder
      value: 2
      objectReference: {fileID: 0}
    - target: {fileID: 2201959670033678511, guid: 9a5f761746793419e8ccd15e1c9ce26c,
        type: 3}
      propertyPath: m_LocalEulerAnglesHint.x
      value: 0
      objectReference: {fileID: 0}
    - target: {fileID: 2201959670033678511, guid: 9a5f761746793419e8ccd15e1c9ce26c,
        type: 3}
      propertyPath: m_LocalEulerAnglesHint.y
      value: 0
      objectReference: {fileID: 0}
    - target: {fileID: 2201959670033678511, guid: 9a5f761746793419e8ccd15e1c9ce26c,
        type: 3}
      propertyPath: m_LocalEulerAnglesHint.z
      value: 0
      objectReference: {fileID: 0}
    - target: {fileID: 6384997738684674516, guid: 9a5f761746793419e8ccd15e1c9ce26c,
        type: 3}
      propertyPath: m_Name
      value: Cube4x4 (8)
      objectReference: {fileID: 0}
    m_RemovedComponents: []
  m_SourcePrefab: {fileID: 100100000, guid: 9a5f761746793419e8ccd15e1c9ce26c, type: 3}
--- !u!4 &4687785666584224374 stripped
Transform:
  m_CorrespondingSourceObject: {fileID: 2201959670033678511, guid: 9a5f761746793419e8ccd15e1c9ce26c,
    type: 3}
  m_PrefabInstance: {fileID: 6881696619242431193}
  m_PrefabAsset: {fileID: 0}
--- !u!1001 &6881696619347127748
PrefabInstance:
  m_ObjectHideFlags: 0
  serializedVersion: 2
  m_Modification:
    m_TransformParent: {fileID: 6881696619050445031}
    m_Modifications:
    - target: {fileID: 2201959670033678511, guid: 9a5f761746793419e8ccd15e1c9ce26c,
        type: 3}
      propertyPath: m_LocalPosition.x
      value: 0
      objectReference: {fileID: 0}
    - target: {fileID: 2201959670033678511, guid: 9a5f761746793419e8ccd15e1c9ce26c,
        type: 3}
      propertyPath: m_LocalPosition.y
      value: 0
      objectReference: {fileID: 0}
    - target: {fileID: 2201959670033678511, guid: 9a5f761746793419e8ccd15e1c9ce26c,
        type: 3}
      propertyPath: m_LocalPosition.z
      value: 2
      objectReference: {fileID: 0}
    - target: {fileID: 2201959670033678511, guid: 9a5f761746793419e8ccd15e1c9ce26c,
        type: 3}
      propertyPath: m_LocalRotation.x
      value: -0
      objectReference: {fileID: 0}
    - target: {fileID: 2201959670033678511, guid: 9a5f761746793419e8ccd15e1c9ce26c,
        type: 3}
      propertyPath: m_LocalRotation.y
      value: -0
      objectReference: {fileID: 0}
    - target: {fileID: 2201959670033678511, guid: 9a5f761746793419e8ccd15e1c9ce26c,
        type: 3}
      propertyPath: m_LocalRotation.z
      value: -0
      objectReference: {fileID: 0}
    - target: {fileID: 2201959670033678511, guid: 9a5f761746793419e8ccd15e1c9ce26c,
        type: 3}
      propertyPath: m_LocalRotation.w
      value: 1
      objectReference: {fileID: 0}
    - target: {fileID: 2201959670033678511, guid: 9a5f761746793419e8ccd15e1c9ce26c,
        type: 3}
      propertyPath: m_RootOrder
      value: 3
      objectReference: {fileID: 0}
    - target: {fileID: 2201959670033678511, guid: 9a5f761746793419e8ccd15e1c9ce26c,
        type: 3}
      propertyPath: m_LocalEulerAnglesHint.x
      value: 0
      objectReference: {fileID: 0}
    - target: {fileID: 2201959670033678511, guid: 9a5f761746793419e8ccd15e1c9ce26c,
        type: 3}
      propertyPath: m_LocalEulerAnglesHint.y
      value: 0
      objectReference: {fileID: 0}
    - target: {fileID: 2201959670033678511, guid: 9a5f761746793419e8ccd15e1c9ce26c,
        type: 3}
      propertyPath: m_LocalEulerAnglesHint.z
      value: 0
      objectReference: {fileID: 0}
    - target: {fileID: 6384997738684674516, guid: 9a5f761746793419e8ccd15e1c9ce26c,
        type: 3}
      propertyPath: m_Name
      value: Cube4x4 (7)
      objectReference: {fileID: 0}
    m_RemovedComponents: []
  m_SourcePrefab: {fileID: 100100000, guid: 9a5f761746793419e8ccd15e1c9ce26c, type: 3}
--- !u!4 &4687785666688920939 stripped
Transform:
  m_CorrespondingSourceObject: {fileID: 2201959670033678511, guid: 9a5f761746793419e8ccd15e1c9ce26c,
    type: 3}
  m_PrefabInstance: {fileID: 6881696619347127748}
  m_PrefabAsset: {fileID: 0}
--- !u!1001 &6881696619573427254
PrefabInstance:
  m_ObjectHideFlags: 0
  serializedVersion: 2
  m_Modification:
    m_TransformParent: {fileID: 6881696619050445031}
    m_Modifications:
    - target: {fileID: 2201959670033678511, guid: 9a5f761746793419e8ccd15e1c9ce26c,
        type: 3}
      propertyPath: m_LocalPosition.x
      value: 0
      objectReference: {fileID: 0}
    - target: {fileID: 2201959670033678511, guid: 9a5f761746793419e8ccd15e1c9ce26c,
        type: 3}
      propertyPath: m_LocalPosition.y
      value: 0
      objectReference: {fileID: 0}
    - target: {fileID: 2201959670033678511, guid: 9a5f761746793419e8ccd15e1c9ce26c,
        type: 3}
      propertyPath: m_LocalPosition.z
      value: -6
      objectReference: {fileID: 0}
    - target: {fileID: 2201959670033678511, guid: 9a5f761746793419e8ccd15e1c9ce26c,
        type: 3}
      propertyPath: m_LocalRotation.x
      value: -0
      objectReference: {fileID: 0}
    - target: {fileID: 2201959670033678511, guid: 9a5f761746793419e8ccd15e1c9ce26c,
        type: 3}
      propertyPath: m_LocalRotation.y
      value: -0
      objectReference: {fileID: 0}
    - target: {fileID: 2201959670033678511, guid: 9a5f761746793419e8ccd15e1c9ce26c,
        type: 3}
      propertyPath: m_LocalRotation.z
      value: -0
      objectReference: {fileID: 0}
    - target: {fileID: 2201959670033678511, guid: 9a5f761746793419e8ccd15e1c9ce26c,
        type: 3}
      propertyPath: m_LocalRotation.w
      value: 1
      objectReference: {fileID: 0}
    - target: {fileID: 2201959670033678511, guid: 9a5f761746793419e8ccd15e1c9ce26c,
        type: 3}
      propertyPath: m_RootOrder
      value: 8
      objectReference: {fileID: 0}
    - target: {fileID: 2201959670033678511, guid: 9a5f761746793419e8ccd15e1c9ce26c,
        type: 3}
      propertyPath: m_LocalEulerAnglesHint.x
      value: 0
      objectReference: {fileID: 0}
    - target: {fileID: 2201959670033678511, guid: 9a5f761746793419e8ccd15e1c9ce26c,
        type: 3}
      propertyPath: m_LocalEulerAnglesHint.y
      value: 0
      objectReference: {fileID: 0}
    - target: {fileID: 2201959670033678511, guid: 9a5f761746793419e8ccd15e1c9ce26c,
        type: 3}
      propertyPath: m_LocalEulerAnglesHint.z
      value: 0
      objectReference: {fileID: 0}
    - target: {fileID: 6384997738684674516, guid: 9a5f761746793419e8ccd15e1c9ce26c,
        type: 3}
      propertyPath: m_Name
      value: Cube4x4 (14)
      objectReference: {fileID: 0}
    m_RemovedComponents: []
  m_SourcePrefab: {fileID: 100100000, guid: 9a5f761746793419e8ccd15e1c9ce26c, type: 3}
--- !u!4 &4687785666782051481 stripped
Transform:
  m_CorrespondingSourceObject: {fileID: 2201959670033678511, guid: 9a5f761746793419e8ccd15e1c9ce26c,
    type: 3}
  m_PrefabInstance: {fileID: 6881696619573427254}
  m_PrefabAsset: {fileID: 0}
--- !u!1001 &6881696619816762981
PrefabInstance:
  m_ObjectHideFlags: 0
  serializedVersion: 2
  m_Modification:
    m_TransformParent: {fileID: 6881696619050445031}
    m_Modifications:
    - target: {fileID: 2201959670033678511, guid: 9a5f761746793419e8ccd15e1c9ce26c,
        type: 3}
      propertyPath: m_LocalPosition.x
      value: -4
      objectReference: {fileID: 0}
    - target: {fileID: 2201959670033678511, guid: 9a5f761746793419e8ccd15e1c9ce26c,
        type: 3}
      propertyPath: m_LocalPosition.y
      value: 0
      objectReference: {fileID: 0}
    - target: {fileID: 2201959670033678511, guid: 9a5f761746793419e8ccd15e1c9ce26c,
        type: 3}
      propertyPath: m_LocalPosition.z
      value: -2
      objectReference: {fileID: 0}
    - target: {fileID: 2201959670033678511, guid: 9a5f761746793419e8ccd15e1c9ce26c,
        type: 3}
      propertyPath: m_LocalRotation.x
      value: -0
      objectReference: {fileID: 0}
    - target: {fileID: 2201959670033678511, guid: 9a5f761746793419e8ccd15e1c9ce26c,
        type: 3}
      propertyPath: m_LocalRotation.y
      value: -0
      objectReference: {fileID: 0}
    - target: {fileID: 2201959670033678511, guid: 9a5f761746793419e8ccd15e1c9ce26c,
        type: 3}
      propertyPath: m_LocalRotation.z
      value: -0
      objectReference: {fileID: 0}
    - target: {fileID: 2201959670033678511, guid: 9a5f761746793419e8ccd15e1c9ce26c,
        type: 3}
      propertyPath: m_LocalRotation.w
      value: 1
      objectReference: {fileID: 0}
    - target: {fileID: 2201959670033678511, guid: 9a5f761746793419e8ccd15e1c9ce26c,
        type: 3}
      propertyPath: m_RootOrder
      value: 4
      objectReference: {fileID: 0}
    - target: {fileID: 2201959670033678511, guid: 9a5f761746793419e8ccd15e1c9ce26c,
        type: 3}
      propertyPath: m_LocalEulerAnglesHint.x
      value: 0
      objectReference: {fileID: 0}
    - target: {fileID: 2201959670033678511, guid: 9a5f761746793419e8ccd15e1c9ce26c,
        type: 3}
      propertyPath: m_LocalEulerAnglesHint.y
      value: 0
      objectReference: {fileID: 0}
    - target: {fileID: 2201959670033678511, guid: 9a5f761746793419e8ccd15e1c9ce26c,
        type: 3}
      propertyPath: m_LocalEulerAnglesHint.z
      value: 0
      objectReference: {fileID: 0}
    - target: {fileID: 6384997738684674516, guid: 9a5f761746793419e8ccd15e1c9ce26c,
        type: 3}
      propertyPath: m_Name
      value: Cube4x4 (10)
      objectReference: {fileID: 0}
    m_RemovedComponents: []
  m_SourcePrefab: {fileID: 100100000, guid: 9a5f761746793419e8ccd15e1c9ce26c, type: 3}
--- !u!4 &4687785667025387210 stripped
Transform:
  m_CorrespondingSourceObject: {fileID: 2201959670033678511, guid: 9a5f761746793419e8ccd15e1c9ce26c,
    type: 3}
  m_PrefabInstance: {fileID: 6881696619816762981}
  m_PrefabAsset: {fileID: 0}
--- !u!1001 &6881696620142859272
PrefabInstance:
  m_ObjectHideFlags: 0
  serializedVersion: 2
  m_Modification:
    m_TransformParent: {fileID: 6881696619050445031}
    m_Modifications:
    - target: {fileID: 2201959670033678511, guid: 9a5f761746793419e8ccd15e1c9ce26c,
        type: 3}
      propertyPath: m_LocalPosition.x
      value: 4
      objectReference: {fileID: 0}
    - target: {fileID: 2201959670033678511, guid: 9a5f761746793419e8ccd15e1c9ce26c,
        type: 3}
      propertyPath: m_LocalPosition.y
      value: 0
      objectReference: {fileID: 0}
    - target: {fileID: 2201959670033678511, guid: 9a5f761746793419e8ccd15e1c9ce26c,
        type: 3}
      propertyPath: m_LocalPosition.z
      value: -6
      objectReference: {fileID: 0}
    - target: {fileID: 2201959670033678511, guid: 9a5f761746793419e8ccd15e1c9ce26c,
        type: 3}
      propertyPath: m_LocalRotation.x
      value: -0
      objectReference: {fileID: 0}
    - target: {fileID: 2201959670033678511, guid: 9a5f761746793419e8ccd15e1c9ce26c,
        type: 3}
      propertyPath: m_LocalRotation.y
      value: -0
      objectReference: {fileID: 0}
    - target: {fileID: 2201959670033678511, guid: 9a5f761746793419e8ccd15e1c9ce26c,
        type: 3}
      propertyPath: m_LocalRotation.z
      value: -0
      objectReference: {fileID: 0}
    - target: {fileID: 2201959670033678511, guid: 9a5f761746793419e8ccd15e1c9ce26c,
        type: 3}
      propertyPath: m_LocalRotation.w
      value: 1
      objectReference: {fileID: 0}
    - target: {fileID: 2201959670033678511, guid: 9a5f761746793419e8ccd15e1c9ce26c,
        type: 3}
      propertyPath: m_RootOrder
      value: 9
      objectReference: {fileID: 0}
    - target: {fileID: 2201959670033678511, guid: 9a5f761746793419e8ccd15e1c9ce26c,
        type: 3}
      propertyPath: m_LocalEulerAnglesHint.x
      value: 0
      objectReference: {fileID: 0}
    - target: {fileID: 2201959670033678511, guid: 9a5f761746793419e8ccd15e1c9ce26c,
        type: 3}
      propertyPath: m_LocalEulerAnglesHint.y
      value: 0
      objectReference: {fileID: 0}
    - target: {fileID: 2201959670033678511, guid: 9a5f761746793419e8ccd15e1c9ce26c,
        type: 3}
      propertyPath: m_LocalEulerAnglesHint.z
      value: 0
      objectReference: {fileID: 0}
    - target: {fileID: 6384997738684674516, guid: 9a5f761746793419e8ccd15e1c9ce26c,
        type: 3}
      propertyPath: m_Name
      value: Cube4x4 (15)
      objectReference: {fileID: 0}
    m_RemovedComponents: []
  m_SourcePrefab: {fileID: 100100000, guid: 9a5f761746793419e8ccd15e1c9ce26c, type: 3}
--- !u!4 &4687785667282277543 stripped
Transform:
  m_CorrespondingSourceObject: {fileID: 2201959670033678511, guid: 9a5f761746793419e8ccd15e1c9ce26c,
    type: 3}
  m_PrefabInstance: {fileID: 6881696620142859272}
  m_PrefabAsset: {fileID: 0}
--- !u!1001 &7712962757532689035
PrefabInstance:
  m_ObjectHideFlags: 0
  serializedVersion: 2
  m_Modification:
    m_TransformParent: {fileID: 6881696619050445031}
    m_Modifications:
    - target: {fileID: 976247727577372115, guid: 6ecacf3c72bc846cbad60b3aef877d92,
        type: 3}
      propertyPath: m_ConnectedAnchor.x
      value: 0.010083913
      objectReference: {fileID: 0}
    - target: {fileID: 1833515512106974859, guid: 6ecacf3c72bc846cbad60b3aef877d92,
        type: 3}
      propertyPath: m_ConnectedAnchor.x
      value: 0.000000009447991
      objectReference: {fileID: 0}
    - target: {fileID: 1833515512106974859, guid: 6ecacf3c72bc846cbad60b3aef877d92,
        type: 3}
      propertyPath: m_ConnectedAnchor.y
      value: 0.01991562
      objectReference: {fileID: 0}
    - target: {fileID: 1833515512106974859, guid: 6ecacf3c72bc846cbad60b3aef877d92,
        type: 3}
      propertyPath: m_ConnectedAnchor.z
      value: -0.0001899676
      objectReference: {fileID: 0}
    - target: {fileID: 2039605959890535338, guid: 6ecacf3c72bc846cbad60b3aef877d92,
        type: 3}
      propertyPath: m_ConnectedAnchor.x
      value: -0.000000018626451
      objectReference: {fileID: 0}
    - target: {fileID: 2039605959890535338, guid: 6ecacf3c72bc846cbad60b3aef877d92,
        type: 3}
      propertyPath: m_ConnectedAnchor.y
      value: 0.010437201
      objectReference: {fileID: 0}
    - target: {fileID: 2039605959890535338, guid: 6ecacf3c72bc846cbad60b3aef877d92,
        type: 3}
      propertyPath: m_ConnectedAnchor.z
      value: 0.000000008847565
      objectReference: {fileID: 0}
    - target: {fileID: 2149941187803817156, guid: 6ecacf3c72bc846cbad60b3aef877d92,
        type: 3}
      propertyPath: m_ConnectedAnchor.x
      value: -0.010083938
      objectReference: {fileID: 0}
    - target: {fileID: 2149941187803817156, guid: 6ecacf3c72bc846cbad60b3aef877d92,
        type: 3}
      propertyPath: m_ConnectedAnchor.y
      value: 0.011373546
      objectReference: {fileID: 0}
    - target: {fileID: 2149941187803817156, guid: 6ecacf3c72bc846cbad60b3aef877d92,
        type: 3}
      propertyPath: m_ConnectedAnchor.z
      value: -0.0012420202
      objectReference: {fileID: 0}
    - target: {fileID: 2463229463840918225, guid: 6ecacf3c72bc846cbad60b3aef877d92,
        type: 3}
      propertyPath: m_ConnectedAnchor.x
      value: 0.000000011252982
      objectReference: {fileID: 0}
    - target: {fileID: 2463229463840918225, guid: 6ecacf3c72bc846cbad60b3aef877d92,
        type: 3}
      propertyPath: m_ConnectedAnchor.y
      value: 0.024322286
      objectReference: {fileID: 0}
    - target: {fileID: 2463229463840918225, guid: 6ecacf3c72bc846cbad60b3aef877d92,
        type: 3}
      propertyPath: m_ConnectedAnchor.z
      value: -0.0018553028
      objectReference: {fileID: 0}
    - target: {fileID: 2729504516901920947, guid: 6ecacf3c72bc846cbad60b3aef877d92,
        type: 3}
      propertyPath: m_ConnectedAnchor.x
      value: 0.0000000067812005
      objectReference: {fileID: 0}
    - target: {fileID: 2729504516901920947, guid: 6ecacf3c72bc846cbad60b3aef877d92,
        type: 3}
      propertyPath: m_ConnectedAnchor.y
      value: 0.021108396
      objectReference: {fileID: 0}
    - target: {fileID: 2729504516901920947, guid: 6ecacf3c72bc846cbad60b3aef877d92,
        type: 3}
      propertyPath: m_ConnectedAnchor.z
      value: 0.000000005122461
      objectReference: {fileID: 0}
    - target: {fileID: 3720637679887865669, guid: 6ecacf3c72bc846cbad60b3aef877d92,
        type: 3}
      propertyPath: m_ConnectedAnchor.x
      value: -0.0077029224
      objectReference: {fileID: 0}
    - target: {fileID: 3720637679887865669, guid: 6ecacf3c72bc846cbad60b3aef877d92,
        type: 3}
      propertyPath: m_ConnectedAnchor.y
      value: 0.0019972483
      objectReference: {fileID: 0}
    - target: {fileID: 3720637679887865669, guid: 6ecacf3c72bc846cbad60b3aef877d92,
        type: 3}
      propertyPath: m_ConnectedAnchor.z
      value: -0.0018432776
      objectReference: {fileID: 0}
    - target: {fileID: 5165113734897721344, guid: 6ecacf3c72bc846cbad60b3aef877d92,
        type: 3}
      propertyPath: m_ConnectedAnchor.x
      value: -0.0000000035797754
      objectReference: {fileID: 0}
    - target: {fileID: 5165113734897721344, guid: 6ecacf3c72bc846cbad60b3aef877d92,
        type: 3}
      propertyPath: m_ConnectedAnchor.y
      value: 0.021108396
      objectReference: {fileID: 0}
    - target: {fileID: 5165113734897721344, guid: 6ecacf3c72bc846cbad60b3aef877d92,
        type: 3}
      propertyPath: m_ConnectedAnchor.z
      value: -0.00000001536738
      objectReference: {fileID: 0}
    - target: {fileID: 5552689699486816143, guid: 6ecacf3c72bc846cbad60b3aef877d92,
        type: 3}
      propertyPath: m_Name
      value: Squad (6)
      objectReference: {fileID: 0}
    - target: {fileID: 5552689699487108079, guid: 6ecacf3c72bc846cbad60b3aef877d92,
        type: 3}
      propertyPath: m_LocalPosition.x
      value: 3
      objectReference: {fileID: 0}
    - target: {fileID: 5552689699487108079, guid: 6ecacf3c72bc846cbad60b3aef877d92,
        type: 3}
      propertyPath: m_LocalPosition.y
      value: 0
      objectReference: {fileID: 0}
    - target: {fileID: 5552689699487108079, guid: 6ecacf3c72bc846cbad60b3aef877d92,
        type: 3}
      propertyPath: m_LocalPosition.z
      value: -2.5
      objectReference: {fileID: 0}
    - target: {fileID: 5552689699487108079, guid: 6ecacf3c72bc846cbad60b3aef877d92,
        type: 3}
      propertyPath: m_LocalRotation.x
      value: -0
      objectReference: {fileID: 0}
    - target: {fileID: 5552689699487108079, guid: 6ecacf3c72bc846cbad60b3aef877d92,
        type: 3}
      propertyPath: m_LocalRotation.y
      value: 0.9998631
      objectReference: {fileID: 0}
    - target: {fileID: 5552689699487108079, guid: 6ecacf3c72bc846cbad60b3aef877d92,
        type: 3}
      propertyPath: m_LocalRotation.z
      value: -0
      objectReference: {fileID: 0}
    - target: {fileID: 5552689699487108079, guid: 6ecacf3c72bc846cbad60b3aef877d92,
        type: 3}
      propertyPath: m_LocalRotation.w
      value: -0.016546931
      objectReference: {fileID: 0}
    - target: {fileID: 5552689699487108079, guid: 6ecacf3c72bc846cbad60b3aef877d92,
        type: 3}
      propertyPath: m_RootOrder
      value: 13
      objectReference: {fileID: 0}
    - target: {fileID: 5552689699487108079, guid: 6ecacf3c72bc846cbad60b3aef877d92,
        type: 3}
      propertyPath: m_LocalEulerAnglesHint.x
      value: 0
      objectReference: {fileID: 0}
    - target: {fileID: 5552689699487108079, guid: 6ecacf3c72bc846cbad60b3aef877d92,
        type: 3}
      propertyPath: m_LocalEulerAnglesHint.y
      value: 181.896
      objectReference: {fileID: 0}
    - target: {fileID: 5552689699487108079, guid: 6ecacf3c72bc846cbad60b3aef877d92,
        type: 3}
      propertyPath: m_LocalEulerAnglesHint.z
      value: 0
      objectReference: {fileID: 0}
    - target: {fileID: 5603263287231305689, guid: 6ecacf3c72bc846cbad60b3aef877d92,
        type: 3}
      propertyPath: m_ConnectedAnchor.x
      value: 0.007702917
      objectReference: {fileID: 0}
    - target: {fileID: 5603263287231305689, guid: 6ecacf3c72bc846cbad60b3aef877d92,
        type: 3}
      propertyPath: m_ConnectedAnchor.y
      value: 0.0019972497
      objectReference: {fileID: 0}
    - target: {fileID: 5603263287231305689, guid: 6ecacf3c72bc846cbad60b3aef877d92,
        type: 3}
      propertyPath: m_ConnectedAnchor.z
      value: -0.0018432566
      objectReference: {fileID: 0}
    - target: {fileID: 6568766274593109395, guid: 6ecacf3c72bc846cbad60b3aef877d92,
        type: 3}
      propertyPath: m_ConnectedAnchor.x
      value: 0.000000015133994
      objectReference: {fileID: 0}
    - target: {fileID: 6568766274593109395, guid: 6ecacf3c72bc846cbad60b3aef877d92,
        type: 3}
      propertyPath: m_ConnectedAnchor.y
      value: 0.010437213
      objectReference: {fileID: 0}
    - target: {fileID: 6568766274593109395, guid: 6ecacf3c72bc846cbad60b3aef877d92,
        type: 3}
      propertyPath: m_ConnectedAnchor.z
      value: 0.000000007683412
      objectReference: {fileID: 0}
    m_RemovedComponents: []
  m_SourcePrefab: {fileID: 100100000, guid: 6ecacf3c72bc846cbad60b3aef877d92, type: 3}
--- !u!4 &2740140343707822436 stripped
Transform:
  m_CorrespondingSourceObject: {fileID: 5552689699487108079, guid: 6ecacf3c72bc846cbad60b3aef877d92,
    type: 3}
  m_PrefabInstance: {fileID: 7712962757532689035}
  m_PrefabAsset: {fileID: 0}
