%YAML 1.1
%TAG !u! tag:unity3d.com,2011:
--- !u!1 &2632835834119639674
GameObject:
  m_ObjectHideFlags: 0
  m_CorrespondingSourceObject: {fileID: 0}
  m_PrefabInstance: {fileID: 0}
  m_PrefabAsset: {fileID: 0}
  serializedVersion: 6
  m_Component:
  - component: {fileID: 2632835834119639685}
  - component: {fileID: 2632835834119639684}
  - component: {fileID: 7651531877655066654}
  - component: {fileID: 8457201007651346161}
  - component: {fileID: 9124725525693735947}
  m_Layer: 0
  m_Name: LevelPrefab1
  m_TagString: Untagged
  m_Icon: {fileID: 0}
  m_NavMeshLayer: 0
  m_StaticEditorFlags: 0
  m_IsActive: 1
--- !u!4 &2632835834119639685
Transform:
  m_ObjectHideFlags: 0
  m_CorrespondingSourceObject: {fileID: 0}
  m_PrefabInstance: {fileID: 0}
  m_PrefabAsset: {fileID: 0}
  m_GameObject: {fileID: 2632835834119639674}
  m_LocalRotation: {x: 0, y: 0, z: 0, w: 1}
  m_LocalPosition: {x: 0, y: 0, z: 1}
  m_LocalScale: {x: 1, y: 1, z: 1}
  m_Children:
  - {fileID: 4181408201044629251}
  - {fileID: 4181408199789890131}
  - {fileID: 4181408201074759700}
  - {fileID: 4181408200911083273}
  - {fileID: 4181408201514402984}
  - {fileID: 4181408199657698203}
  - {fileID: 4181408200133174866}
  - {fileID: 4181408201111496553}
  - {fileID: 4181408200734197499}
  - {fileID: 4181408201303649989}
  - {fileID: 4181408200642665164}
  - {fileID: 201804679647949965}
  - {fileID: 3766648559407089455}
  - {fileID: 1347756484793195929}
  - {fileID: 2552870989291918982}
  - {fileID: 3072360792473212729}
  m_Father: {fileID: 0}
  m_RootOrder: 0
  m_LocalEulerAnglesHint: {x: 0, y: 0, z: 0}
--- !u!114 &2632835834119639684
MonoBehaviour:
  m_ObjectHideFlags: 0
  m_CorrespondingSourceObject: {fileID: 0}
  m_PrefabInstance: {fileID: 0}
  m_PrefabAsset: {fileID: 0}
  m_GameObject: {fileID: 2632835834119639674}
  m_Enabled: 1
  m_EditorHideFlags: 0
  m_Script: {fileID: 11500000, guid: 7da2e84290ff24257b6234a1a91296af, type: 3}
  m_Name: 
  m_EditorClassIdentifier: 
  initial: {fileID: 4181408200642665164}
  final: {fileID: 4181408201044629251}
  enemiesOrSquads: []
--- !u!114 &7651531877655066654
MonoBehaviour:
  m_ObjectHideFlags: 0
  m_CorrespondingSourceObject: {fileID: 0}
  m_PrefabInstance: {fileID: 0}
  m_PrefabAsset: {fileID: 0}
  m_GameObject: {fileID: 2632835834119639674}
  m_Enabled: 1
  m_EditorHideFlags: 0
  m_Script: {fileID: 11500000, guid: 7a5ac11cc976e418e8d13136b07e1f52, type: 3}
  m_Name: 
  m_EditorClassIdentifier: 
  m_AgentTypeID: 0
  m_CollectObjects: 0
  m_Size: {x: 10, y: 10, z: 10}
  m_Center: {x: 0, y: 2, z: 0}
  m_LayerMask:
    serializedVersion: 2
    m_Bits: 4294967295
  m_UseGeometry: 0
  m_DefaultArea: 0
  m_IgnoreNavMeshAgent: 1
  m_IgnoreNavMeshObstacle: 1
  m_OverrideTileSize: 0
  m_TileSize: 256
  m_OverrideVoxelSize: 0
  m_VoxelSize: 0.06666667
  m_BuildHeightMesh: 0
  m_NavMeshData: {fileID: 23800000, guid: b59a663d21ed0426dbd836e1e5db8813, type: 2}
--- !u!114 &8457201007651346161
MonoBehaviour:
  m_ObjectHideFlags: 0
  m_CorrespondingSourceObject: {fileID: 0}
  m_PrefabInstance: {fileID: 0}
  m_PrefabAsset: {fileID: 0}
  m_GameObject: {fileID: 2632835834119639674}
  m_Enabled: 1
  m_EditorHideFlags: 0
  m_Script: {fileID: 11500000, guid: 6eeb5dc026fdf4b488bc7ae0138ab719, type: 3}
  m_Name: 
  m_EditorClassIdentifier: 
  m_AgentTypeID: 0
  m_StartPoint: {x: 0, y: 0.1, z: 7.1675053}
  m_EndPoint: {x: 0, y: 0.1, z: 8.862867}
  m_Width: 4
  m_CostModifier: -1
  m_Bidirectional: 1
  m_AutoUpdatePosition: 1
  m_Area: 0
--- !u!114 &9124725525693735947
MonoBehaviour:
  m_ObjectHideFlags: 0
  m_CorrespondingSourceObject: {fileID: 0}
  m_PrefabInstance: {fileID: 0}
  m_PrefabAsset: {fileID: 0}
  m_GameObject: {fileID: 2632835834119639674}
  m_Enabled: 1
  m_EditorHideFlags: 0
  m_Script: {fileID: 11500000, guid: 6eeb5dc026fdf4b488bc7ae0138ab719, type: 3}
  m_Name: 
  m_EditorClassIdentifier: 
  m_AgentTypeID: 0
  m_StartPoint: {x: 0, y: 0.1, z: -11}
  m_EndPoint: {x: 0, y: 0.1, z: -13}
  m_Width: 4
  m_CostModifier: -1
  m_Bidirectional: 1
  m_AutoUpdatePosition: 1
  m_Area: 0
--- !u!1 &7865740612108163458
GameObject:
  m_ObjectHideFlags: 0
  m_CorrespondingSourceObject: {fileID: 0}
  m_PrefabInstance: {fileID: 0}
  m_PrefabAsset: {fileID: 0}
  serializedVersion: 6
  m_Component:
  - component: {fileID: 201804679647949965}
  - component: {fileID: 4329898573944312421}
  - component: {fileID: 7516673163283771218}
  - component: {fileID: 6129012709808556299}
  m_Layer: 0
  m_Name: Cube
  m_TagString: Deadly
  m_Icon: {fileID: 0}
  m_NavMeshLayer: 0
  m_StaticEditorFlags: 0
  m_IsActive: 1
--- !u!4 &201804679647949965
Transform:
  m_ObjectHideFlags: 0
  m_CorrespondingSourceObject: {fileID: 0}
  m_PrefabInstance: {fileID: 0}
  m_PrefabAsset: {fileID: 0}
  m_GameObject: {fileID: 7865740612108163458}
  m_LocalRotation: {x: 0, y: 0, z: 0, w: 1}
  m_LocalPosition: {x: 0, y: -4, z: -2}
  m_LocalScale: {x: 16, y: 2, z: 22}
  m_Children: []
  m_Father: {fileID: 2632835834119639685}
  m_RootOrder: 11
  m_LocalEulerAnglesHint: {x: 0, y: 0, z: 0}
--- !u!33 &4329898573944312421
MeshFilter:
  m_ObjectHideFlags: 0
  m_CorrespondingSourceObject: {fileID: 0}
  m_PrefabInstance: {fileID: 0}
  m_PrefabAsset: {fileID: 0}
  m_GameObject: {fileID: 7865740612108163458}
  m_Mesh: {fileID: 10202, guid: 0000000000000000e000000000000000, type: 0}
--- !u!23 &7516673163283771218
MeshRenderer:
  m_ObjectHideFlags: 0
  m_CorrespondingSourceObject: {fileID: 0}
  m_PrefabInstance: {fileID: 0}
  m_PrefabAsset: {fileID: 0}
  m_GameObject: {fileID: 7865740612108163458}
  m_Enabled: 0
  m_CastShadows: 1
  m_ReceiveShadows: 1
  m_DynamicOccludee: 1
  m_MotionVectors: 1
  m_LightProbeUsage: 1
  m_ReflectionProbeUsage: 1
  m_RenderingLayerMask: 1
  m_RendererPriority: 0
  m_Materials:
  - {fileID: 10303, guid: 0000000000000000f000000000000000, type: 0}
  m_StaticBatchInfo:
    firstSubMesh: 0
    subMeshCount: 0
  m_StaticBatchRoot: {fileID: 0}
  m_ProbeAnchor: {fileID: 0}
  m_LightProbeVolumeOverride: {fileID: 0}
  m_ScaleInLightmap: 1
  m_ReceiveGI: 1
  m_PreserveUVs: 0
  m_IgnoreNormalsForChartDetection: 0
  m_ImportantGI: 0
  m_StitchLightmapSeams: 1
  m_SelectedEditorRenderState: 3
  m_MinimumChartSize: 4
  m_AutoUVMaxDistance: 0.5
  m_AutoUVMaxAngle: 89
  m_LightmapParameters: {fileID: 0}
  m_SortingLayerID: 0
  m_SortingLayer: 0
  m_SortingOrder: 0
--- !u!65 &6129012709808556299
BoxCollider:
  m_ObjectHideFlags: 0
  m_CorrespondingSourceObject: {fileID: 0}
  m_PrefabInstance: {fileID: 0}
  m_PrefabAsset: {fileID: 0}
  m_GameObject: {fileID: 7865740612108163458}
  m_Material: {fileID: 0}
  m_IsTrigger: 1
  m_Enabled: 1
  serializedVersion: 2
  m_Size: {x: 1, y: 1, z: 1}
  m_Center: {x: 0, y: 0, z: 0}
--- !u!1001 &2632835832560666196
PrefabInstance:
  m_ObjectHideFlags: 0
  serializedVersion: 2
  m_Modification:
    m_TransformParent: {fileID: 2632835834119639685}
    m_Modifications:
    - target: {fileID: 2201959670033678511, guid: 9a5f761746793419e8ccd15e1c9ce26c,
        type: 3}
      propertyPath: m_LocalPosition.x
      value: 0
      objectReference: {fileID: 0}
    - target: {fileID: 2201959670033678511, guid: 9a5f761746793419e8ccd15e1c9ce26c,
        type: 3}
      propertyPath: m_LocalPosition.y
      value: 0
      objectReference: {fileID: 0}
    - target: {fileID: 2201959670033678511, guid: 9a5f761746793419e8ccd15e1c9ce26c,
        type: 3}
      propertyPath: m_LocalPosition.z
      value: -6
      objectReference: {fileID: 0}
    - target: {fileID: 2201959670033678511, guid: 9a5f761746793419e8ccd15e1c9ce26c,
        type: 3}
      propertyPath: m_LocalRotation.x
      value: -0
      objectReference: {fileID: 0}
    - target: {fileID: 2201959670033678511, guid: 9a5f761746793419e8ccd15e1c9ce26c,
        type: 3}
      propertyPath: m_LocalRotation.y
      value: -0
      objectReference: {fileID: 0}
    - target: {fileID: 2201959670033678511, guid: 9a5f761746793419e8ccd15e1c9ce26c,
        type: 3}
      propertyPath: m_LocalRotation.z
      value: -0
      objectReference: {fileID: 0}
    - target: {fileID: 2201959670033678511, guid: 9a5f761746793419e8ccd15e1c9ce26c,
        type: 3}
      propertyPath: m_LocalRotation.w
      value: 1
      objectReference: {fileID: 0}
    - target: {fileID: 2201959670033678511, guid: 9a5f761746793419e8ccd15e1c9ce26c,
        type: 3}
      propertyPath: m_RootOrder
      value: 8
      objectReference: {fileID: 0}
    - target: {fileID: 2201959670033678511, guid: 9a5f761746793419e8ccd15e1c9ce26c,
        type: 3}
      propertyPath: m_LocalEulerAnglesHint.x
      value: 0
      objectReference: {fileID: 0}
    - target: {fileID: 2201959670033678511, guid: 9a5f761746793419e8ccd15e1c9ce26c,
        type: 3}
      propertyPath: m_LocalEulerAnglesHint.y
      value: 0
      objectReference: {fileID: 0}
    - target: {fileID: 2201959670033678511, guid: 9a5f761746793419e8ccd15e1c9ce26c,
        type: 3}
      propertyPath: m_LocalEulerAnglesHint.z
      value: 0
      objectReference: {fileID: 0}
    - target: {fileID: 6384997738684674516, guid: 9a5f761746793419e8ccd15e1c9ce26c,
        type: 3}
      propertyPath: m_Name
      value: Cube4x4 (14)
      objectReference: {fileID: 0}
    m_RemovedComponents: []
  m_SourcePrefab: {fileID: 100100000, guid: 9a5f761746793419e8ccd15e1c9ce26c, type: 3}
--- !u!4 &4181408200734197499 stripped
Transform:
  m_CorrespondingSourceObject: {fileID: 2201959670033678511, guid: 9a5f761746793419e8ccd15e1c9ce26c,
    type: 3}
  m_PrefabInstance: {fileID: 2632835832560666196}
  m_PrefabAsset: {fileID: 0}
--- !u!1001 &2632835832602285990
PrefabInstance:
  m_ObjectHideFlags: 0
  serializedVersion: 2
  m_Modification:
    m_TransformParent: {fileID: 2632835834119639685}
    m_Modifications:
    - target: {fileID: 2201959670033678511, guid: 9a5f761746793419e8ccd15e1c9ce26c,
        type: 3}
      propertyPath: m_LocalPosition.x
      value: 0
      objectReference: {fileID: 0}
    - target: {fileID: 2201959670033678511, guid: 9a5f761746793419e8ccd15e1c9ce26c,
        type: 3}
      propertyPath: m_LocalPosition.y
      value: 0
      objectReference: {fileID: 0}
    - target: {fileID: 2201959670033678511, guid: 9a5f761746793419e8ccd15e1c9ce26c,
        type: 3}
      propertyPath: m_LocalPosition.z
      value: 2
      objectReference: {fileID: 0}
    - target: {fileID: 2201959670033678511, guid: 9a5f761746793419e8ccd15e1c9ce26c,
        type: 3}
      propertyPath: m_LocalRotation.x
      value: -0
      objectReference: {fileID: 0}
    - target: {fileID: 2201959670033678511, guid: 9a5f761746793419e8ccd15e1c9ce26c,
        type: 3}
      propertyPath: m_LocalRotation.y
      value: -0
      objectReference: {fileID: 0}
    - target: {fileID: 2201959670033678511, guid: 9a5f761746793419e8ccd15e1c9ce26c,
        type: 3}
      propertyPath: m_LocalRotation.z
      value: -0
      objectReference: {fileID: 0}
    - target: {fileID: 2201959670033678511, guid: 9a5f761746793419e8ccd15e1c9ce26c,
        type: 3}
      propertyPath: m_LocalRotation.w
      value: 1
      objectReference: {fileID: 0}
    - target: {fileID: 2201959670033678511, guid: 9a5f761746793419e8ccd15e1c9ce26c,
        type: 3}
      propertyPath: m_RootOrder
      value: 3
      objectReference: {fileID: 0}
    - target: {fileID: 2201959670033678511, guid: 9a5f761746793419e8ccd15e1c9ce26c,
        type: 3}
      propertyPath: m_LocalEulerAnglesHint.x
      value: 0
      objectReference: {fileID: 0}
    - target: {fileID: 2201959670033678511, guid: 9a5f761746793419e8ccd15e1c9ce26c,
        type: 3}
      propertyPath: m_LocalEulerAnglesHint.y
      value: 0
      objectReference: {fileID: 0}
    - target: {fileID: 2201959670033678511, guid: 9a5f761746793419e8ccd15e1c9ce26c,
        type: 3}
      propertyPath: m_LocalEulerAnglesHint.z
      value: 0
      objectReference: {fileID: 0}
    - target: {fileID: 6384997738684674516, guid: 9a5f761746793419e8ccd15e1c9ce26c,
        type: 3}
      propertyPath: m_Name
      value: Cube4x4 (7)
      objectReference: {fileID: 0}
    m_RemovedComponents: []
  m_SourcePrefab: {fileID: 100100000, guid: 9a5f761746793419e8ccd15e1c9ce26c, type: 3}
--- !u!4 &4181408200911083273 stripped
Transform:
  m_CorrespondingSourceObject: {fileID: 2201959670033678511, guid: 9a5f761746793419e8ccd15e1c9ce26c,
    type: 3}
  m_PrefabInstance: {fileID: 2632835832602285990}
  m_PrefabAsset: {fileID: 0}
--- !u!1001 &2632835832736880556
PrefabInstance:
  m_ObjectHideFlags: 0
  serializedVersion: 2
  m_Modification:
    m_TransformParent: {fileID: 2632835834119639685}
    m_Modifications:
    - target: {fileID: 2201959670033678511, guid: 9a5f761746793419e8ccd15e1c9ce26c,
        type: 3}
      propertyPath: m_LocalPosition.x
      value: 0
      objectReference: {fileID: 0}
    - target: {fileID: 2201959670033678511, guid: 9a5f761746793419e8ccd15e1c9ce26c,
        type: 3}
      propertyPath: m_LocalPosition.y
      value: 0
      objectReference: {fileID: 0}
    - target: {fileID: 2201959670033678511, guid: 9a5f761746793419e8ccd15e1c9ce26c,
        type: 3}
      propertyPath: m_LocalPosition.z
      value: 6
      objectReference: {fileID: 0}
    - target: {fileID: 2201959670033678511, guid: 9a5f761746793419e8ccd15e1c9ce26c,
        type: 3}
      propertyPath: m_LocalRotation.x
      value: -0
      objectReference: {fileID: 0}
    - target: {fileID: 2201959670033678511, guid: 9a5f761746793419e8ccd15e1c9ce26c,
        type: 3}
      propertyPath: m_LocalRotation.y
      value: -0
      objectReference: {fileID: 0}
    - target: {fileID: 2201959670033678511, guid: 9a5f761746793419e8ccd15e1c9ce26c,
        type: 3}
      propertyPath: m_LocalRotation.z
      value: -0
      objectReference: {fileID: 0}
    - target: {fileID: 2201959670033678511, guid: 9a5f761746793419e8ccd15e1c9ce26c,
        type: 3}
      propertyPath: m_LocalRotation.w
      value: 1
      objectReference: {fileID: 0}
    - target: {fileID: 2201959670033678511, guid: 9a5f761746793419e8ccd15e1c9ce26c,
        type: 3}
      propertyPath: m_RootOrder
      value: 0
      objectReference: {fileID: 0}
    - target: {fileID: 2201959670033678511, guid: 9a5f761746793419e8ccd15e1c9ce26c,
        type: 3}
      propertyPath: m_LocalEulerAnglesHint.x
      value: 0
      objectReference: {fileID: 0}
    - target: {fileID: 2201959670033678511, guid: 9a5f761746793419e8ccd15e1c9ce26c,
        type: 3}
      propertyPath: m_LocalEulerAnglesHint.y
      value: 0
      objectReference: {fileID: 0}
    - target: {fileID: 2201959670033678511, guid: 9a5f761746793419e8ccd15e1c9ce26c,
        type: 3}
      propertyPath: m_LocalEulerAnglesHint.z
      value: 0
      objectReference: {fileID: 0}
    - target: {fileID: 6384997738684674516, guid: 9a5f761746793419e8ccd15e1c9ce26c,
        type: 3}
      propertyPath: m_Name
      value: End
      objectReference: {fileID: 0}
    m_RemovedComponents: []
  m_SourcePrefab: {fileID: 100100000, guid: 9a5f761746793419e8ccd15e1c9ce26c, type: 3}
--- !u!4 &4181408201044629251 stripped
Transform:
  m_CorrespondingSourceObject: {fileID: 2201959670033678511, guid: 9a5f761746793419e8ccd15e1c9ce26c,
    type: 3}
  m_PrefabInstance: {fileID: 2632835832736880556}
  m_PrefabAsset: {fileID: 0}
--- !u!1001 &2632835832765962427
PrefabInstance:
  m_ObjectHideFlags: 0
  serializedVersion: 2
  m_Modification:
    m_TransformParent: {fileID: 2632835834119639685}
    m_Modifications:
    - target: {fileID: 2201959670033678511, guid: 9a5f761746793419e8ccd15e1c9ce26c,
        type: 3}
      propertyPath: m_LocalPosition.x
      value: -4
      objectReference: {fileID: 0}
    - target: {fileID: 2201959670033678511, guid: 9a5f761746793419e8ccd15e1c9ce26c,
        type: 3}
      propertyPath: m_LocalPosition.y
      value: 0
      objectReference: {fileID: 0}
    - target: {fileID: 2201959670033678511, guid: 9a5f761746793419e8ccd15e1c9ce26c,
        type: 3}
      propertyPath: m_LocalPosition.z
      value: 2
      objectReference: {fileID: 0}
    - target: {fileID: 2201959670033678511, guid: 9a5f761746793419e8ccd15e1c9ce26c,
        type: 3}
      propertyPath: m_LocalRotation.x
      value: -0
      objectReference: {fileID: 0}
    - target: {fileID: 2201959670033678511, guid: 9a5f761746793419e8ccd15e1c9ce26c,
        type: 3}
      propertyPath: m_LocalRotation.y
      value: -0
      objectReference: {fileID: 0}
    - target: {fileID: 2201959670033678511, guid: 9a5f761746793419e8ccd15e1c9ce26c,
        type: 3}
      propertyPath: m_LocalRotation.z
      value: -0
      objectReference: {fileID: 0}
    - target: {fileID: 2201959670033678511, guid: 9a5f761746793419e8ccd15e1c9ce26c,
        type: 3}
      propertyPath: m_LocalRotation.w
      value: 1
      objectReference: {fileID: 0}
    - target: {fileID: 2201959670033678511, guid: 9a5f761746793419e8ccd15e1c9ce26c,
        type: 3}
      propertyPath: m_RootOrder
      value: 2
      objectReference: {fileID: 0}
    - target: {fileID: 2201959670033678511, guid: 9a5f761746793419e8ccd15e1c9ce26c,
        type: 3}
      propertyPath: m_LocalEulerAnglesHint.x
      value: 0
      objectReference: {fileID: 0}
    - target: {fileID: 2201959670033678511, guid: 9a5f761746793419e8ccd15e1c9ce26c,
        type: 3}
      propertyPath: m_LocalEulerAnglesHint.y
      value: 0
      objectReference: {fileID: 0}
    - target: {fileID: 2201959670033678511, guid: 9a5f761746793419e8ccd15e1c9ce26c,
        type: 3}
      propertyPath: m_LocalEulerAnglesHint.z
      value: 0
      objectReference: {fileID: 0}
    - target: {fileID: 6384997738684674516, guid: 9a5f761746793419e8ccd15e1c9ce26c,
        type: 3}
      propertyPath: m_Name
      value: Cube4x4 (8)
      objectReference: {fileID: 0}
    m_RemovedComponents: []
  m_SourcePrefab: {fileID: 100100000, guid: 9a5f761746793419e8ccd15e1c9ce26c, type: 3}
--- !u!4 &4181408201074759700 stripped
Transform:
  m_CorrespondingSourceObject: {fileID: 2201959670033678511, guid: 9a5f761746793419e8ccd15e1c9ce26c,
    type: 3}
  m_PrefabInstance: {fileID: 2632835832765962427}
  m_PrefabAsset: {fileID: 0}
--- !u!1001 &2632835832939014086
PrefabInstance:
  m_ObjectHideFlags: 0
  serializedVersion: 2
  m_Modification:
    m_TransformParent: {fileID: 2632835834119639685}
    m_Modifications:
    - target: {fileID: 2201959670033678511, guid: 9a5f761746793419e8ccd15e1c9ce26c,
        type: 3}
      propertyPath: m_LocalPosition.x
      value: -4
      objectReference: {fileID: 0}
    - target: {fileID: 2201959670033678511, guid: 9a5f761746793419e8ccd15e1c9ce26c,
        type: 3}
      propertyPath: m_LocalPosition.y
      value: 0
      objectReference: {fileID: 0}
    - target: {fileID: 2201959670033678511, guid: 9a5f761746793419e8ccd15e1c9ce26c,
        type: 3}
      propertyPath: m_LocalPosition.z
      value: -6
      objectReference: {fileID: 0}
    - target: {fileID: 2201959670033678511, guid: 9a5f761746793419e8ccd15e1c9ce26c,
        type: 3}
      propertyPath: m_LocalRotation.x
      value: -0
      objectReference: {fileID: 0}
    - target: {fileID: 2201959670033678511, guid: 9a5f761746793419e8ccd15e1c9ce26c,
        type: 3}
      propertyPath: m_LocalRotation.y
      value: -0
      objectReference: {fileID: 0}
    - target: {fileID: 2201959670033678511, guid: 9a5f761746793419e8ccd15e1c9ce26c,
        type: 3}
      propertyPath: m_LocalRotation.z
      value: -0
      objectReference: {fileID: 0}
    - target: {fileID: 2201959670033678511, guid: 9a5f761746793419e8ccd15e1c9ce26c,
        type: 3}
      propertyPath: m_LocalRotation.w
      value: 1
      objectReference: {fileID: 0}
    - target: {fileID: 2201959670033678511, guid: 9a5f761746793419e8ccd15e1c9ce26c,
        type: 3}
      propertyPath: m_RootOrder
      value: 7
      objectReference: {fileID: 0}
    - target: {fileID: 2201959670033678511, guid: 9a5f761746793419e8ccd15e1c9ce26c,
        type: 3}
      propertyPath: m_LocalEulerAnglesHint.x
      value: 0
      objectReference: {fileID: 0}
    - target: {fileID: 2201959670033678511, guid: 9a5f761746793419e8ccd15e1c9ce26c,
        type: 3}
      propertyPath: m_LocalEulerAnglesHint.y
      value: 0
      objectReference: {fileID: 0}
    - target: {fileID: 2201959670033678511, guid: 9a5f761746793419e8ccd15e1c9ce26c,
        type: 3}
      propertyPath: m_LocalEulerAnglesHint.z
      value: 0
      objectReference: {fileID: 0}
    - target: {fileID: 6384997738684674516, guid: 9a5f761746793419e8ccd15e1c9ce26c,
        type: 3}
      propertyPath: m_Name
      value: Cube4x4 (13)
      objectReference: {fileID: 0}
    m_RemovedComponents: []
  m_SourcePrefab: {fileID: 100100000, guid: 9a5f761746793419e8ccd15e1c9ce26c, type: 3}
--- !u!4 &4181408201111496553 stripped
Transform:
  m_CorrespondingSourceObject: {fileID: 2201959670033678511, guid: 9a5f761746793419e8ccd15e1c9ce26c,
    type: 3}
  m_PrefabInstance: {fileID: 2632835832939014086}
  m_PrefabAsset: {fileID: 0}
--- !u!1001 &2632835833060912746
PrefabInstance:
  m_ObjectHideFlags: 0
  serializedVersion: 2
  m_Modification:
    m_TransformParent: {fileID: 2632835834119639685}
    m_Modifications:
    - target: {fileID: 2201959670033678511, guid: 9a5f761746793419e8ccd15e1c9ce26c,
        type: 3}
      propertyPath: m_LocalPosition.x
      value: 4
      objectReference: {fileID: 0}
    - target: {fileID: 2201959670033678511, guid: 9a5f761746793419e8ccd15e1c9ce26c,
        type: 3}
      propertyPath: m_LocalPosition.y
      value: 0
      objectReference: {fileID: 0}
    - target: {fileID: 2201959670033678511, guid: 9a5f761746793419e8ccd15e1c9ce26c,
        type: 3}
      propertyPath: m_LocalPosition.z
      value: -6
      objectReference: {fileID: 0}
    - target: {fileID: 2201959670033678511, guid: 9a5f761746793419e8ccd15e1c9ce26c,
        type: 3}
      propertyPath: m_LocalRotation.x
      value: -0
      objectReference: {fileID: 0}
    - target: {fileID: 2201959670033678511, guid: 9a5f761746793419e8ccd15e1c9ce26c,
        type: 3}
      propertyPath: m_LocalRotation.y
      value: -0
      objectReference: {fileID: 0}
    - target: {fileID: 2201959670033678511, guid: 9a5f761746793419e8ccd15e1c9ce26c,
        type: 3}
      propertyPath: m_LocalRotation.z
      value: -0
      objectReference: {fileID: 0}
    - target: {fileID: 2201959670033678511, guid: 9a5f761746793419e8ccd15e1c9ce26c,
        type: 3}
      propertyPath: m_LocalRotation.w
      value: 1
      objectReference: {fileID: 0}
    - target: {fileID: 2201959670033678511, guid: 9a5f761746793419e8ccd15e1c9ce26c,
        type: 3}
      propertyPath: m_RootOrder
      value: 9
      objectReference: {fileID: 0}
    - target: {fileID: 2201959670033678511, guid: 9a5f761746793419e8ccd15e1c9ce26c,
        type: 3}
      propertyPath: m_LocalEulerAnglesHint.x
      value: 0
      objectReference: {fileID: 0}
    - target: {fileID: 2201959670033678511, guid: 9a5f761746793419e8ccd15e1c9ce26c,
        type: 3}
      propertyPath: m_LocalEulerAnglesHint.y
      value: 0
      objectReference: {fileID: 0}
    - target: {fileID: 2201959670033678511, guid: 9a5f761746793419e8ccd15e1c9ce26c,
        type: 3}
      propertyPath: m_LocalEulerAnglesHint.z
      value: 0
      objectReference: {fileID: 0}
    - target: {fileID: 6384997738684674516, guid: 9a5f761746793419e8ccd15e1c9ce26c,
        type: 3}
      propertyPath: m_Name
      value: Cube4x4 (15)
      objectReference: {fileID: 0}
    m_RemovedComponents: []
  m_SourcePrefab: {fileID: 100100000, guid: 9a5f761746793419e8ccd15e1c9ce26c, type: 3}
--- !u!4 &4181408201303649989 stripped
Transform:
  m_CorrespondingSourceObject: {fileID: 2201959670033678511, guid: 9a5f761746793419e8ccd15e1c9ce26c,
    type: 3}
  m_PrefabInstance: {fileID: 2632835833060912746}
  m_PrefabAsset: {fileID: 0}
--- !u!1001 &2632835833340871687
PrefabInstance:
  m_ObjectHideFlags: 0
  serializedVersion: 2
  m_Modification:
    m_TransformParent: {fileID: 2632835834119639685}
    m_Modifications:
    - target: {fileID: 2201959670033678511, guid: 9a5f761746793419e8ccd15e1c9ce26c,
        type: 3}
      propertyPath: m_LocalPosition.x
      value: -4
      objectReference: {fileID: 0}
    - target: {fileID: 2201959670033678511, guid: 9a5f761746793419e8ccd15e1c9ce26c,
        type: 3}
      propertyPath: m_LocalPosition.y
      value: 0
      objectReference: {fileID: 0}
    - target: {fileID: 2201959670033678511, guid: 9a5f761746793419e8ccd15e1c9ce26c,
        type: 3}
      propertyPath: m_LocalPosition.z
      value: -2
      objectReference: {fileID: 0}
    - target: {fileID: 2201959670033678511, guid: 9a5f761746793419e8ccd15e1c9ce26c,
        type: 3}
      propertyPath: m_LocalRotation.x
      value: -0
      objectReference: {fileID: 0}
    - target: {fileID: 2201959670033678511, guid: 9a5f761746793419e8ccd15e1c9ce26c,
        type: 3}
      propertyPath: m_LocalRotation.y
      value: -0
      objectReference: {fileID: 0}
    - target: {fileID: 2201959670033678511, guid: 9a5f761746793419e8ccd15e1c9ce26c,
        type: 3}
      propertyPath: m_LocalRotation.z
      value: -0
      objectReference: {fileID: 0}
    - target: {fileID: 2201959670033678511, guid: 9a5f761746793419e8ccd15e1c9ce26c,
        type: 3}
      propertyPath: m_LocalRotation.w
      value: 1
      objectReference: {fileID: 0}
    - target: {fileID: 2201959670033678511, guid: 9a5f761746793419e8ccd15e1c9ce26c,
        type: 3}
      propertyPath: m_RootOrder
      value: 4
      objectReference: {fileID: 0}
    - target: {fileID: 2201959670033678511, guid: 9a5f761746793419e8ccd15e1c9ce26c,
        type: 3}
      propertyPath: m_LocalEulerAnglesHint.x
      value: 0
      objectReference: {fileID: 0}
    - target: {fileID: 2201959670033678511, guid: 9a5f761746793419e8ccd15e1c9ce26c,
        type: 3}
      propertyPath: m_LocalEulerAnglesHint.y
      value: 0
      objectReference: {fileID: 0}
    - target: {fileID: 2201959670033678511, guid: 9a5f761746793419e8ccd15e1c9ce26c,
        type: 3}
      propertyPath: m_LocalEulerAnglesHint.z
      value: 0
      objectReference: {fileID: 0}
    - target: {fileID: 6384997738684674516, guid: 9a5f761746793419e8ccd15e1c9ce26c,
        type: 3}
      propertyPath: m_Name
      value: Cube4x4 (10)
      objectReference: {fileID: 0}
    m_RemovedComponents: []
  m_SourcePrefab: {fileID: 100100000, guid: 9a5f761746793419e8ccd15e1c9ce26c, type: 3}
--- !u!4 &4181408201514402984 stripped
Transform:
  m_CorrespondingSourceObject: {fileID: 2201959670033678511, guid: 9a5f761746793419e8ccd15e1c9ce26c,
    type: 3}
  m_PrefabInstance: {fileID: 2632835833340871687}
  m_PrefabAsset: {fileID: 0}
--- !u!1001 &2632835833632699188
PrefabInstance:
  m_ObjectHideFlags: 0
  serializedVersion: 2
  m_Modification:
    m_TransformParent: {fileID: 2632835834119639685}
    m_Modifications:
    - target: {fileID: 2201959670033678511, guid: 9a5f761746793419e8ccd15e1c9ce26c,
        type: 3}
      propertyPath: m_LocalPosition.x
      value: 0
      objectReference: {fileID: 0}
    - target: {fileID: 2201959670033678511, guid: 9a5f761746793419e8ccd15e1c9ce26c,
        type: 3}
      propertyPath: m_LocalPosition.y
      value: 0
      objectReference: {fileID: 0}
    - target: {fileID: 2201959670033678511, guid: 9a5f761746793419e8ccd15e1c9ce26c,
        type: 3}
      propertyPath: m_LocalPosition.z
      value: -2
      objectReference: {fileID: 0}
    - target: {fileID: 2201959670033678511, guid: 9a5f761746793419e8ccd15e1c9ce26c,
        type: 3}
      propertyPath: m_LocalRotation.x
      value: -0
      objectReference: {fileID: 0}
    - target: {fileID: 2201959670033678511, guid: 9a5f761746793419e8ccd15e1c9ce26c,
        type: 3}
      propertyPath: m_LocalRotation.y
      value: -0
      objectReference: {fileID: 0}
    - target: {fileID: 2201959670033678511, guid: 9a5f761746793419e8ccd15e1c9ce26c,
        type: 3}
      propertyPath: m_LocalRotation.z
      value: -0
      objectReference: {fileID: 0}
    - target: {fileID: 2201959670033678511, guid: 9a5f761746793419e8ccd15e1c9ce26c,
        type: 3}
      propertyPath: m_LocalRotation.w
      value: 1
      objectReference: {fileID: 0}
    - target: {fileID: 2201959670033678511, guid: 9a5f761746793419e8ccd15e1c9ce26c,
        type: 3}
      propertyPath: m_RootOrder
      value: 5
      objectReference: {fileID: 0}
    - target: {fileID: 2201959670033678511, guid: 9a5f761746793419e8ccd15e1c9ce26c,
        type: 3}
      propertyPath: m_LocalEulerAnglesHint.x
      value: 0
      objectReference: {fileID: 0}
    - target: {fileID: 2201959670033678511, guid: 9a5f761746793419e8ccd15e1c9ce26c,
        type: 3}
      propertyPath: m_LocalEulerAnglesHint.y
      value: 0
      objectReference: {fileID: 0}
    - target: {fileID: 2201959670033678511, guid: 9a5f761746793419e8ccd15e1c9ce26c,
        type: 3}
      propertyPath: m_LocalEulerAnglesHint.z
      value: 0
      objectReference: {fileID: 0}
    - target: {fileID: 6384997738684674516, guid: 9a5f761746793419e8ccd15e1c9ce26c,
        type: 3}
      propertyPath: m_Name
      value: Cube4x4 (11)
      objectReference: {fileID: 0}
    m_RemovedComponents: []
  m_SourcePrefab: {fileID: 100100000, guid: 9a5f761746793419e8ccd15e1c9ce26c, type: 3}
--- !u!4 &4181408199657698203 stripped
Transform:
  m_CorrespondingSourceObject: {fileID: 2201959670033678511, guid: 9a5f761746793419e8ccd15e1c9ce26c,
    type: 3}
  m_PrefabInstance: {fileID: 2632835833632699188}
  m_PrefabAsset: {fileID: 0}
--- !u!1001 &2632835833764891388
PrefabInstance:
  m_ObjectHideFlags: 0
  serializedVersion: 2
  m_Modification:
    m_TransformParent: {fileID: 2632835834119639685}
    m_Modifications:
    - target: {fileID: 2201959670033678511, guid: 9a5f761746793419e8ccd15e1c9ce26c,
        type: 3}
      propertyPath: m_LocalPosition.x
      value: 4
      objectReference: {fileID: 0}
    - target: {fileID: 2201959670033678511, guid: 9a5f761746793419e8ccd15e1c9ce26c,
        type: 3}
      propertyPath: m_LocalPosition.y
      value: 0
      objectReference: {fileID: 0}
    - target: {fileID: 2201959670033678511, guid: 9a5f761746793419e8ccd15e1c9ce26c,
        type: 3}
      propertyPath: m_LocalPosition.z
      value: 2
      objectReference: {fileID: 0}
    - target: {fileID: 2201959670033678511, guid: 9a5f761746793419e8ccd15e1c9ce26c,
        type: 3}
      propertyPath: m_LocalRotation.x
      value: -0
      objectReference: {fileID: 0}
    - target: {fileID: 2201959670033678511, guid: 9a5f761746793419e8ccd15e1c9ce26c,
        type: 3}
      propertyPath: m_LocalRotation.y
      value: -0
      objectReference: {fileID: 0}
    - target: {fileID: 2201959670033678511, guid: 9a5f761746793419e8ccd15e1c9ce26c,
        type: 3}
      propertyPath: m_LocalRotation.z
      value: -0
      objectReference: {fileID: 0}
    - target: {fileID: 2201959670033678511, guid: 9a5f761746793419e8ccd15e1c9ce26c,
        type: 3}
      propertyPath: m_LocalRotation.w
      value: 1
      objectReference: {fileID: 0}
    - target: {fileID: 2201959670033678511, guid: 9a5f761746793419e8ccd15e1c9ce26c,
        type: 3}
      propertyPath: m_RootOrder
      value: 1
      objectReference: {fileID: 0}
    - target: {fileID: 2201959670033678511, guid: 9a5f761746793419e8ccd15e1c9ce26c,
        type: 3}
      propertyPath: m_LocalEulerAnglesHint.x
      value: 0
      objectReference: {fileID: 0}
    - target: {fileID: 2201959670033678511, guid: 9a5f761746793419e8ccd15e1c9ce26c,
        type: 3}
      propertyPath: m_LocalEulerAnglesHint.y
      value: 0
      objectReference: {fileID: 0}
    - target: {fileID: 2201959670033678511, guid: 9a5f761746793419e8ccd15e1c9ce26c,
        type: 3}
      propertyPath: m_LocalEulerAnglesHint.z
      value: 0
      objectReference: {fileID: 0}
    - target: {fileID: 6384997738684674516, guid: 9a5f761746793419e8ccd15e1c9ce26c,
        type: 3}
      propertyPath: m_Name
      value: Cube4x4 (9)
      objectReference: {fileID: 0}
    m_RemovedComponents: []
  m_SourcePrefab: {fileID: 100100000, guid: 9a5f761746793419e8ccd15e1c9ce26c, type: 3}
--- !u!4 &4181408199789890131 stripped
Transform:
  m_CorrespondingSourceObject: {fileID: 2201959670033678511, guid: 9a5f761746793419e8ccd15e1c9ce26c,
    type: 3}
  m_PrefabInstance: {fileID: 2632835833764891388}
  m_PrefabAsset: {fileID: 0}
--- !u!1001 &2632835833971861245
PrefabInstance:
  m_ObjectHideFlags: 0
  serializedVersion: 2
  m_Modification:
    m_TransformParent: {fileID: 2632835834119639685}
    m_Modifications:
    - target: {fileID: 2201959670033678511, guid: 9a5f761746793419e8ccd15e1c9ce26c,
        type: 3}
      propertyPath: m_LocalPosition.x
      value: 4
      objectReference: {fileID: 0}
    - target: {fileID: 2201959670033678511, guid: 9a5f761746793419e8ccd15e1c9ce26c,
        type: 3}
      propertyPath: m_LocalPosition.y
      value: 0
      objectReference: {fileID: 0}
    - target: {fileID: 2201959670033678511, guid: 9a5f761746793419e8ccd15e1c9ce26c,
        type: 3}
      propertyPath: m_LocalPosition.z
      value: -2
      objectReference: {fileID: 0}
    - target: {fileID: 2201959670033678511, guid: 9a5f761746793419e8ccd15e1c9ce26c,
        type: 3}
      propertyPath: m_LocalRotation.x
      value: -0
      objectReference: {fileID: 0}
    - target: {fileID: 2201959670033678511, guid: 9a5f761746793419e8ccd15e1c9ce26c,
        type: 3}
      propertyPath: m_LocalRotation.y
      value: -0
      objectReference: {fileID: 0}
    - target: {fileID: 2201959670033678511, guid: 9a5f761746793419e8ccd15e1c9ce26c,
        type: 3}
      propertyPath: m_LocalRotation.z
      value: -0
      objectReference: {fileID: 0}
    - target: {fileID: 2201959670033678511, guid: 9a5f761746793419e8ccd15e1c9ce26c,
        type: 3}
      propertyPath: m_LocalRotation.w
      value: 1
      objectReference: {fileID: 0}
    - target: {fileID: 2201959670033678511, guid: 9a5f761746793419e8ccd15e1c9ce26c,
        type: 3}
      propertyPath: m_RootOrder
      value: 6
      objectReference: {fileID: 0}
    - target: {fileID: 2201959670033678511, guid: 9a5f761746793419e8ccd15e1c9ce26c,
        type: 3}
      propertyPath: m_LocalEulerAnglesHint.x
      value: 0
      objectReference: {fileID: 0}
    - target: {fileID: 2201959670033678511, guid: 9a5f761746793419e8ccd15e1c9ce26c,
        type: 3}
      propertyPath: m_LocalEulerAnglesHint.y
      value: 0
      objectReference: {fileID: 0}
    - target: {fileID: 2201959670033678511, guid: 9a5f761746793419e8ccd15e1c9ce26c,
        type: 3}
      propertyPath: m_LocalEulerAnglesHint.z
      value: 0
      objectReference: {fileID: 0}
    - target: {fileID: 6384997738684674516, guid: 9a5f761746793419e8ccd15e1c9ce26c,
        type: 3}
      propertyPath: m_Name
      value: Cube4x4 (12)
      objectReference: {fileID: 0}
    m_RemovedComponents: []
  m_SourcePrefab: {fileID: 100100000, guid: 9a5f761746793419e8ccd15e1c9ce26c, type: 3}
--- !u!4 &4181408200133174866 stripped
Transform:
  m_CorrespondingSourceObject: {fileID: 2201959670033678511, guid: 9a5f761746793419e8ccd15e1c9ce26c,
    type: 3}
  m_PrefabInstance: {fileID: 2632835833971861245}
  m_PrefabAsset: {fileID: 0}
--- !u!1001 &2632835834481351267
PrefabInstance:
  m_ObjectHideFlags: 0
  serializedVersion: 2
  m_Modification:
    m_TransformParent: {fileID: 2632835834119639685}
    m_Modifications:
    - target: {fileID: 2201959670033678511, guid: 9a5f761746793419e8ccd15e1c9ce26c,
        type: 3}
      propertyPath: m_LocalPosition.x
      value: 0
      objectReference: {fileID: 0}
    - target: {fileID: 2201959670033678511, guid: 9a5f761746793419e8ccd15e1c9ce26c,
        type: 3}
      propertyPath: m_LocalPosition.y
      value: 0
      objectReference: {fileID: 0}
    - target: {fileID: 2201959670033678511, guid: 9a5f761746793419e8ccd15e1c9ce26c,
        type: 3}
      propertyPath: m_LocalPosition.z
      value: -10
      objectReference: {fileID: 0}
    - target: {fileID: 2201959670033678511, guid: 9a5f761746793419e8ccd15e1c9ce26c,
        type: 3}
      propertyPath: m_LocalRotation.x
      value: -0
      objectReference: {fileID: 0}
    - target: {fileID: 2201959670033678511, guid: 9a5f761746793419e8ccd15e1c9ce26c,
        type: 3}
      propertyPath: m_LocalRotation.y
      value: -0
      objectReference: {fileID: 0}
    - target: {fileID: 2201959670033678511, guid: 9a5f761746793419e8ccd15e1c9ce26c,
        type: 3}
      propertyPath: m_LocalRotation.z
      value: -0
      objectReference: {fileID: 0}
    - target: {fileID: 2201959670033678511, guid: 9a5f761746793419e8ccd15e1c9ce26c,
        type: 3}
      propertyPath: m_LocalRotation.w
      value: 1
      objectReference: {fileID: 0}
    - target: {fileID: 2201959670033678511, guid: 9a5f761746793419e8ccd15e1c9ce26c,
        type: 3}
      propertyPath: m_RootOrder
      value: 10
      objectReference: {fileID: 0}
    - target: {fileID: 2201959670033678511, guid: 9a5f761746793419e8ccd15e1c9ce26c,
        type: 3}
      propertyPath: m_LocalEulerAnglesHint.x
      value: 0
      objectReference: {fileID: 0}
    - target: {fileID: 2201959670033678511, guid: 9a5f761746793419e8ccd15e1c9ce26c,
        type: 3}
      propertyPath: m_LocalEulerAnglesHint.y
      value: 0
      objectReference: {fileID: 0}
    - target: {fileID: 2201959670033678511, guid: 9a5f761746793419e8ccd15e1c9ce26c,
        type: 3}
      propertyPath: m_LocalEulerAnglesHint.z
      value: 0
      objectReference: {fileID: 0}
    - target: {fileID: 6384997738684674516, guid: 9a5f761746793419e8ccd15e1c9ce26c,
        type: 3}
      propertyPath: m_Name
      value: Initial
      objectReference: {fileID: 0}
    m_RemovedComponents: []
  m_SourcePrefab: {fileID: 100100000, guid: 9a5f761746793419e8ccd15e1c9ce26c, type: 3}
--- !u!4 &4181408200642665164 stripped
Transform:
  m_CorrespondingSourceObject: {fileID: 2201959670033678511, guid: 9a5f761746793419e8ccd15e1c9ce26c,
    type: 3}
  m_PrefabInstance: {fileID: 2632835834481351267}
  m_PrefabAsset: {fileID: 0}
--- !u!1001 &2814615307708369754
PrefabInstance:
  m_ObjectHideFlags: 0
  serializedVersion: 2
  m_Modification:
    m_TransformParent: {fileID: 2632835834119639685}
    m_Modifications:
    - target: {fileID: 557168967232209590, guid: a3e6e7f4eb811440ba4ca341c073e592,
        type: 3}
      propertyPath: m_Name
      value: BallBreakableSmall (1)
      objectReference: {fileID: 0}
    - target: {fileID: 985358584179170403, guid: a3e6e7f4eb811440ba4ca341c073e592,
        type: 3}
      propertyPath: m_LocalPosition.x
      value: 0.102483034
      objectReference: {fileID: 0}
    - target: {fileID: 985358584179170403, guid: a3e6e7f4eb811440ba4ca341c073e592,
        type: 3}
      propertyPath: m_LocalPosition.y
      value: 0
      objectReference: {fileID: 0}
    - target: {fileID: 985358584179170403, guid: a3e6e7f4eb811440ba4ca341c073e592,
        type: 3}
      propertyPath: m_LocalPosition.z
      value: 0.13635659
      objectReference: {fileID: 0}
    - target: {fileID: 985358584179170403, guid: a3e6e7f4eb811440ba4ca341c073e592,
        type: 3}
      propertyPath: m_LocalRotation.x
      value: -0
      objectReference: {fileID: 0}
    - target: {fileID: 985358584179170403, guid: a3e6e7f4eb811440ba4ca341c073e592,
        type: 3}
      propertyPath: m_LocalRotation.y
      value: -0
      objectReference: {fileID: 0}
    - target: {fileID: 985358584179170403, guid: a3e6e7f4eb811440ba4ca341c073e592,
        type: 3}
      propertyPath: m_LocalRotation.z
      value: -0
      objectReference: {fileID: 0}
    - target: {fileID: 985358584179170403, guid: a3e6e7f4eb811440ba4ca341c073e592,
        type: 3}
      propertyPath: m_LocalRotation.w
      value: 1
      objectReference: {fileID: 0}
    - target: {fileID: 985358584179170403, guid: a3e6e7f4eb811440ba4ca341c073e592,
        type: 3}
      propertyPath: m_RootOrder
      value: 15
      objectReference: {fileID: 0}
    - target: {fileID: 985358584179170403, guid: a3e6e7f4eb811440ba4ca341c073e592,
        type: 3}
      propertyPath: m_LocalEulerAnglesHint.x
      value: 0
      objectReference: {fileID: 0}
    - target: {fileID: 985358584179170403, guid: a3e6e7f4eb811440ba4ca341c073e592,
        type: 3}
      propertyPath: m_LocalEulerAnglesHint.y
      value: 0
      objectReference: {fileID: 0}
    - target: {fileID: 985358584179170403, guid: a3e6e7f4eb811440ba4ca341c073e592,
        type: 3}
      propertyPath: m_LocalEulerAnglesHint.z
      value: 0
      objectReference: {fileID: 0}
    - target: {fileID: 4483092260311038762, guid: a3e6e7f4eb811440ba4ca341c073e592,
        type: 3}
      propertyPath: m_Radius
      value: 3
      objectReference: {fileID: 0}
    - target: {fileID: 5617087542540443430, guid: a3e6e7f4eb811440ba4ca341c073e592,
        type: 3}
      propertyPath: m_textInfo.characterCount
      value: 1
      objectReference: {fileID: 0}
    - target: {fileID: 5617087542540443430, guid: a3e6e7f4eb811440ba4ca341c073e592,
        type: 3}
      propertyPath: m_textInfo.wordCount
      value: 1
      objectReference: {fileID: 0}
    - target: {fileID: 5617087542540443430, guid: a3e6e7f4eb811440ba4ca341c073e592,
        type: 3}
      propertyPath: m_textInfo.lineCount
      value: 1
      objectReference: {fileID: 0}
    - target: {fileID: 5617087542540443430, guid: a3e6e7f4eb811440ba4ca341c073e592,
        type: 3}
      propertyPath: m_textInfo.pageCount
      value: 1
      objectReference: {fileID: 0}
    - target: {fileID: 8066983072024732996, guid: a3e6e7f4eb811440ba4ca341c073e592,
        type: 3}
      propertyPath: maxMinions
      value: 3
      objectReference: {fileID: 0}
    m_RemovedComponents: []
  m_SourcePrefab: {fileID: 100100000, guid: a3e6e7f4eb811440ba4ca341c073e592, type: 3}
--- !u!4 &3072360792473212729 stripped
Transform:
  m_CorrespondingSourceObject: {fileID: 985358584179170403, guid: a3e6e7f4eb811440ba4ca341c073e592,
    type: 3}
  m_PrefabInstance: {fileID: 2814615307708369754}
  m_PrefabAsset: {fileID: 0}
--- !u!1001 &6898156446290384502
PrefabInstance:
  m_ObjectHideFlags: 0
  serializedVersion: 2
  m_Modification:
    m_TransformParent: {fileID: 2632835834119639685}
    m_Modifications:
    - target: {fileID: 976247727577372115, guid: 6ecacf3c72bc846cbad60b3aef877d92,
        type: 3}
      propertyPath: m_ConnectedAnchor.x
      value: 0.010083913
      objectReference: {fileID: 0}
    - target: {fileID: 1833515512106974859, guid: 6ecacf3c72bc846cbad60b3aef877d92,
        type: 3}
      propertyPath: m_ConnectedAnchor.x
      value: 0.000000009447991
      objectReference: {fileID: 0}
    - target: {fileID: 1833515512106974859, guid: 6ecacf3c72bc846cbad60b3aef877d92,
        type: 3}
      propertyPath: m_ConnectedAnchor.y
      value: 0.01991562
      objectReference: {fileID: 0}
    - target: {fileID: 1833515512106974859, guid: 6ecacf3c72bc846cbad60b3aef877d92,
        type: 3}
      propertyPath: m_ConnectedAnchor.z
      value: -0.0001899676
      objectReference: {fileID: 0}
    - target: {fileID: 2039605959890535338, guid: 6ecacf3c72bc846cbad60b3aef877d92,
        type: 3}
      propertyPath: m_ConnectedAnchor.x
      value: -0.000000018626451
      objectReference: {fileID: 0}
    - target: {fileID: 2039605959890535338, guid: 6ecacf3c72bc846cbad60b3aef877d92,
        type: 3}
      propertyPath: m_ConnectedAnchor.y
      value: 0.010437201
      objectReference: {fileID: 0}
    - target: {fileID: 2039605959890535338, guid: 6ecacf3c72bc846cbad60b3aef877d92,
        type: 3}
      propertyPath: m_ConnectedAnchor.z
      value: 0.000000008847565
      objectReference: {fileID: 0}
    - target: {fileID: 2149941187803817156, guid: 6ecacf3c72bc846cbad60b3aef877d92,
        type: 3}
      propertyPath: m_ConnectedAnchor.x
      value: -0.010083938
      objectReference: {fileID: 0}
    - target: {fileID: 2149941187803817156, guid: 6ecacf3c72bc846cbad60b3aef877d92,
        type: 3}
      propertyPath: m_ConnectedAnchor.y
      value: 0.011373546
      objectReference: {fileID: 0}
    - target: {fileID: 2149941187803817156, guid: 6ecacf3c72bc846cbad60b3aef877d92,
        type: 3}
      propertyPath: m_ConnectedAnchor.z
      value: -0.0012420202
      objectReference: {fileID: 0}
    - target: {fileID: 2463229463840918225, guid: 6ecacf3c72bc846cbad60b3aef877d92,
        type: 3}
      propertyPath: m_ConnectedAnchor.x
      value: 0.000000011252982
      objectReference: {fileID: 0}
    - target: {fileID: 2463229463840918225, guid: 6ecacf3c72bc846cbad60b3aef877d92,
        type: 3}
      propertyPath: m_ConnectedAnchor.y
      value: 0.024322286
      objectReference: {fileID: 0}
    - target: {fileID: 2463229463840918225, guid: 6ecacf3c72bc846cbad60b3aef877d92,
        type: 3}
      propertyPath: m_ConnectedAnchor.z
      value: -0.0018553028
      objectReference: {fileID: 0}
    - target: {fileID: 2729504516901920947, guid: 6ecacf3c72bc846cbad60b3aef877d92,
        type: 3}
      propertyPath: m_ConnectedAnchor.x
      value: 0.0000000067812005
      objectReference: {fileID: 0}
    - target: {fileID: 2729504516901920947, guid: 6ecacf3c72bc846cbad60b3aef877d92,
        type: 3}
      propertyPath: m_ConnectedAnchor.y
      value: 0.021108396
      objectReference: {fileID: 0}
    - target: {fileID: 2729504516901920947, guid: 6ecacf3c72bc846cbad60b3aef877d92,
        type: 3}
      propertyPath: m_ConnectedAnchor.z
      value: 0.000000005122461
      objectReference: {fileID: 0}
    - target: {fileID: 3720637679887865669, guid: 6ecacf3c72bc846cbad60b3aef877d92,
        type: 3}
      propertyPath: m_ConnectedAnchor.x
      value: -0.0077029224
      objectReference: {fileID: 0}
    - target: {fileID: 3720637679887865669, guid: 6ecacf3c72bc846cbad60b3aef877d92,
        type: 3}
      propertyPath: m_ConnectedAnchor.y
      value: 0.0019972483
      objectReference: {fileID: 0}
    - target: {fileID: 3720637679887865669, guid: 6ecacf3c72bc846cbad60b3aef877d92,
        type: 3}
      propertyPath: m_ConnectedAnchor.z
      value: -0.0018432776
      objectReference: {fileID: 0}
    - target: {fileID: 5165113734897721344, guid: 6ecacf3c72bc846cbad60b3aef877d92,
        type: 3}
      propertyPath: m_ConnectedAnchor.x
      value: -0.0000000035797754
      objectReference: {fileID: 0}
    - target: {fileID: 5165113734897721344, guid: 6ecacf3c72bc846cbad60b3aef877d92,
        type: 3}
      propertyPath: m_ConnectedAnchor.y
      value: 0.021108396
      objectReference: {fileID: 0}
    - target: {fileID: 5165113734897721344, guid: 6ecacf3c72bc846cbad60b3aef877d92,
        type: 3}
      propertyPath: m_ConnectedAnchor.z
      value: -0.00000001536738
      objectReference: {fileID: 0}
    - target: {fileID: 5552689699486816143, guid: 6ecacf3c72bc846cbad60b3aef877d92,
        type: 3}
      propertyPath: m_Name
      value: Squad (6)
      objectReference: {fileID: 0}
    - target: {fileID: 5552689699487108079, guid: 6ecacf3c72bc846cbad60b3aef877d92,
        type: 3}
      propertyPath: m_LocalPosition.x
      value: 3
      objectReference: {fileID: 0}
    - target: {fileID: 5552689699487108079, guid: 6ecacf3c72bc846cbad60b3aef877d92,
        type: 3}
      propertyPath: m_LocalPosition.y
      value: 0
      objectReference: {fileID: 0}
    - target: {fileID: 5552689699487108079, guid: 6ecacf3c72bc846cbad60b3aef877d92,
        type: 3}
      propertyPath: m_LocalPosition.z
      value: -2.5
      objectReference: {fileID: 0}
    - target: {fileID: 5552689699487108079, guid: 6ecacf3c72bc846cbad60b3aef877d92,
        type: 3}
      propertyPath: m_LocalRotation.x
      value: -0
      objectReference: {fileID: 0}
    - target: {fileID: 5552689699487108079, guid: 6ecacf3c72bc846cbad60b3aef877d92,
        type: 3}
      propertyPath: m_LocalRotation.y
      value: 0.9998631
      objectReference: {fileID: 0}
    - target: {fileID: 5552689699487108079, guid: 6ecacf3c72bc846cbad60b3aef877d92,
        type: 3}
      propertyPath: m_LocalRotation.z
      value: -0
      objectReference: {fileID: 0}
    - target: {fileID: 5552689699487108079, guid: 6ecacf3c72bc846cbad60b3aef877d92,
        type: 3}
      propertyPath: m_LocalRotation.w
      value: -0.016546931
      objectReference: {fileID: 0}
    - target: {fileID: 5552689699487108079, guid: 6ecacf3c72bc846cbad60b3aef877d92,
        type: 3}
      propertyPath: m_RootOrder
      value: 13
      objectReference: {fileID: 0}
    - target: {fileID: 5552689699487108079, guid: 6ecacf3c72bc846cbad60b3aef877d92,
        type: 3}
      propertyPath: m_LocalEulerAnglesHint.x
      value: 0
      objectReference: {fileID: 0}
    - target: {fileID: 5552689699487108079, guid: 6ecacf3c72bc846cbad60b3aef877d92,
        type: 3}
      propertyPath: m_LocalEulerAnglesHint.y
      value: 181.896
      objectReference: {fileID: 0}
    - target: {fileID: 5552689699487108079, guid: 6ecacf3c72bc846cbad60b3aef877d92,
        type: 3}
      propertyPath: m_LocalEulerAnglesHint.z
      value: 0
      objectReference: {fileID: 0}
    - target: {fileID: 5603263287231305689, guid: 6ecacf3c72bc846cbad60b3aef877d92,
        type: 3}
      propertyPath: m_ConnectedAnchor.x
      value: 0.007702917
      objectReference: {fileID: 0}
    - target: {fileID: 5603263287231305689, guid: 6ecacf3c72bc846cbad60b3aef877d92,
        type: 3}
      propertyPath: m_ConnectedAnchor.y
      value: 0.0019972497
      objectReference: {fileID: 0}
    - target: {fileID: 5603263287231305689, guid: 6ecacf3c72bc846cbad60b3aef877d92,
        type: 3}
      propertyPath: m_ConnectedAnchor.z
      value: -0.0018432566
      objectReference: {fileID: 0}
    - target: {fileID: 6568766274593109395, guid: 6ecacf3c72bc846cbad60b3aef877d92,
        type: 3}
      propertyPath: m_ConnectedAnchor.x
      value: 0.000000015133994
      objectReference: {fileID: 0}
    - target: {fileID: 6568766274593109395, guid: 6ecacf3c72bc846cbad60b3aef877d92,
        type: 3}
      propertyPath: m_ConnectedAnchor.y
      value: 0.010437213
      objectReference: {fileID: 0}
    - target: {fileID: 6568766274593109395, guid: 6ecacf3c72bc846cbad60b3aef877d92,
        type: 3}
      propertyPath: m_ConnectedAnchor.z
      value: 0.000000007683412
      objectReference: {fileID: 0}
    m_RemovedComponents: []
  m_SourcePrefab: {fileID: 100100000, guid: 6ecacf3c72bc846cbad60b3aef877d92, type: 3}
--- !u!4 &1347756484793195929 stripped
Transform:
  m_CorrespondingSourceObject: {fileID: 5552689699487108079, guid: 6ecacf3c72bc846cbad60b3aef877d92,
    type: 3}
  m_PrefabInstance: {fileID: 6898156446290384502}
  m_PrefabAsset: {fileID: 0}
--- !u!1001 &7954064474040917353
PrefabInstance:
  m_ObjectHideFlags: 0
  serializedVersion: 2
  m_Modification:
    m_TransformParent: {fileID: 2632835834119639685}
    m_Modifications:
    - target: {fileID: 976247727577372115, guid: 6ecacf3c72bc846cbad60b3aef877d92,
        type: 3}
      propertyPath: m_ConnectedAnchor.x
      value: 0.010083913
      objectReference: {fileID: 0}
    - target: {fileID: 1833515512106974859, guid: 6ecacf3c72bc846cbad60b3aef877d92,
        type: 3}
      propertyPath: m_ConnectedAnchor.x
      value: 0.000000009447991
      objectReference: {fileID: 0}
    - target: {fileID: 1833515512106974859, guid: 6ecacf3c72bc846cbad60b3aef877d92,
        type: 3}
      propertyPath: m_ConnectedAnchor.y
      value: 0.01991562
      objectReference: {fileID: 0}
    - target: {fileID: 1833515512106974859, guid: 6ecacf3c72bc846cbad60b3aef877d92,
        type: 3}
      propertyPath: m_ConnectedAnchor.z
      value: -0.0001899676
      objectReference: {fileID: 0}
    - target: {fileID: 2039605959890535338, guid: 6ecacf3c72bc846cbad60b3aef877d92,
        type: 3}
      propertyPath: m_ConnectedAnchor.x
      value: -0.000000018626451
      objectReference: {fileID: 0}
    - target: {fileID: 2039605959890535338, guid: 6ecacf3c72bc846cbad60b3aef877d92,
        type: 3}
      propertyPath: m_ConnectedAnchor.y
      value: 0.010437201
      objectReference: {fileID: 0}
    - target: {fileID: 2039605959890535338, guid: 6ecacf3c72bc846cbad60b3aef877d92,
        type: 3}
      propertyPath: m_ConnectedAnchor.z
      value: 0.000000008847565
      objectReference: {fileID: 0}
    - target: {fileID: 2149941187803817156, guid: 6ecacf3c72bc846cbad60b3aef877d92,
        type: 3}
      propertyPath: m_ConnectedAnchor.x
      value: -0.010083938
      objectReference: {fileID: 0}
    - target: {fileID: 2149941187803817156, guid: 6ecacf3c72bc846cbad60b3aef877d92,
        type: 3}
      propertyPath: m_ConnectedAnchor.y
      value: 0.011373546
      objectReference: {fileID: 0}
    - target: {fileID: 2149941187803817156, guid: 6ecacf3c72bc846cbad60b3aef877d92,
        type: 3}
      propertyPath: m_ConnectedAnchor.z
      value: -0.0012420202
      objectReference: {fileID: 0}
    - target: {fileID: 2463229463840918225, guid: 6ecacf3c72bc846cbad60b3aef877d92,
        type: 3}
      propertyPath: m_ConnectedAnchor.x
      value: 0.000000011252982
      objectReference: {fileID: 0}
    - target: {fileID: 2463229463840918225, guid: 6ecacf3c72bc846cbad60b3aef877d92,
        type: 3}
      propertyPath: m_ConnectedAnchor.y
      value: 0.024322286
      objectReference: {fileID: 0}
    - target: {fileID: 2463229463840918225, guid: 6ecacf3c72bc846cbad60b3aef877d92,
        type: 3}
      propertyPath: m_ConnectedAnchor.z
      value: -0.0018553028
      objectReference: {fileID: 0}
    - target: {fileID: 2729504516901920947, guid: 6ecacf3c72bc846cbad60b3aef877d92,
        type: 3}
      propertyPath: m_ConnectedAnchor.x
      value: 0.0000000067812005
      objectReference: {fileID: 0}
    - target: {fileID: 2729504516901920947, guid: 6ecacf3c72bc846cbad60b3aef877d92,
        type: 3}
      propertyPath: m_ConnectedAnchor.y
      value: 0.021108396
      objectReference: {fileID: 0}
    - target: {fileID: 2729504516901920947, guid: 6ecacf3c72bc846cbad60b3aef877d92,
        type: 3}
      propertyPath: m_ConnectedAnchor.z
      value: 0.000000005122461
      objectReference: {fileID: 0}
    - target: {fileID: 3720637679887865669, guid: 6ecacf3c72bc846cbad60b3aef877d92,
        type: 3}
      propertyPath: m_ConnectedAnchor.x
      value: -0.0077029224
      objectReference: {fileID: 0}
    - target: {fileID: 3720637679887865669, guid: 6ecacf3c72bc846cbad60b3aef877d92,
        type: 3}
      propertyPath: m_ConnectedAnchor.y
      value: 0.0019972483
      objectReference: {fileID: 0}
    - target: {fileID: 3720637679887865669, guid: 6ecacf3c72bc846cbad60b3aef877d92,
        type: 3}
      propertyPath: m_ConnectedAnchor.z
      value: -0.0018432776
      objectReference: {fileID: 0}
    - target: {fileID: 5165113734897721344, guid: 6ecacf3c72bc846cbad60b3aef877d92,
        type: 3}
      propertyPath: m_ConnectedAnchor.x
      value: -0.0000000035797754
      objectReference: {fileID: 0}
    - target: {fileID: 5165113734897721344, guid: 6ecacf3c72bc846cbad60b3aef877d92,
        type: 3}
      propertyPath: m_ConnectedAnchor.y
      value: 0.021108396
      objectReference: {fileID: 0}
    - target: {fileID: 5165113734897721344, guid: 6ecacf3c72bc846cbad60b3aef877d92,
        type: 3}
      propertyPath: m_ConnectedAnchor.z
      value: -0.00000001536738
      objectReference: {fileID: 0}
    - target: {fileID: 5552689699486816143, guid: 6ecacf3c72bc846cbad60b3aef877d92,
        type: 3}
      propertyPath: m_Name
      value: Squad (7)
      objectReference: {fileID: 0}
    - target: {fileID: 5552689699487108079, guid: 6ecacf3c72bc846cbad60b3aef877d92,
        type: 3}
      propertyPath: m_LocalPosition.x
      value: -3
      objectReference: {fileID: 0}
    - target: {fileID: 5552689699487108079, guid: 6ecacf3c72bc846cbad60b3aef877d92,
        type: 3}
      propertyPath: m_LocalPosition.y
      value: 0
      objectReference: {fileID: 0}
    - target: {fileID: 5552689699487108079, guid: 6ecacf3c72bc846cbad60b3aef877d92,
        type: 3}
      propertyPath: m_LocalPosition.z
      value: -2.5
      objectReference: {fileID: 0}
    - target: {fileID: 5552689699487108079, guid: 6ecacf3c72bc846cbad60b3aef877d92,
        type: 3}
      propertyPath: m_LocalRotation.x
      value: -0
      objectReference: {fileID: 0}
    - target: {fileID: 5552689699487108079, guid: 6ecacf3c72bc846cbad60b3aef877d92,
        type: 3}
      propertyPath: m_LocalRotation.y
      value: 0.9998631
      objectReference: {fileID: 0}
    - target: {fileID: 5552689699487108079, guid: 6ecacf3c72bc846cbad60b3aef877d92,
        type: 3}
      propertyPath: m_LocalRotation.z
      value: -0
      objectReference: {fileID: 0}
    - target: {fileID: 5552689699487108079, guid: 6ecacf3c72bc846cbad60b3aef877d92,
        type: 3}
      propertyPath: m_LocalRotation.w
      value: -0.016546931
      objectReference: {fileID: 0}
    - target: {fileID: 5552689699487108079, guid: 6ecacf3c72bc846cbad60b3aef877d92,
        type: 3}
      propertyPath: m_RootOrder
      value: 14
      objectReference: {fileID: 0}
    - target: {fileID: 5552689699487108079, guid: 6ecacf3c72bc846cbad60b3aef877d92,
        type: 3}
      propertyPath: m_LocalEulerAnglesHint.x
      value: 0
      objectReference: {fileID: 0}
    - target: {fileID: 5552689699487108079, guid: 6ecacf3c72bc846cbad60b3aef877d92,
        type: 3}
      propertyPath: m_LocalEulerAnglesHint.y
      value: 181.896
      objectReference: {fileID: 0}
    - target: {fileID: 5552689699487108079, guid: 6ecacf3c72bc846cbad60b3aef877d92,
        type: 3}
      propertyPath: m_LocalEulerAnglesHint.z
      value: 0
      objectReference: {fileID: 0}
    - target: {fileID: 5603263287231305689, guid: 6ecacf3c72bc846cbad60b3aef877d92,
        type: 3}
      propertyPath: m_ConnectedAnchor.x
      value: 0.007702917
      objectReference: {fileID: 0}
    - target: {fileID: 5603263287231305689, guid: 6ecacf3c72bc846cbad60b3aef877d92,
        type: 3}
      propertyPath: m_ConnectedAnchor.y
      value: 0.0019972497
      objectReference: {fileID: 0}
    - target: {fileID: 5603263287231305689, guid: 6ecacf3c72bc846cbad60b3aef877d92,
        type: 3}
      propertyPath: m_ConnectedAnchor.z
      value: -0.0018432566
      objectReference: {fileID: 0}
    - target: {fileID: 6568766274593109395, guid: 6ecacf3c72bc846cbad60b3aef877d92,
        type: 3}
      propertyPath: m_ConnectedAnchor.x
      value: 0.000000015133994
      objectReference: {fileID: 0}
    - target: {fileID: 6568766274593109395, guid: 6ecacf3c72bc846cbad60b3aef877d92,
        type: 3}
      propertyPath: m_ConnectedAnchor.y
      value: 0.010437213
      objectReference: {fileID: 0}
    - target: {fileID: 6568766274593109395, guid: 6ecacf3c72bc846cbad60b3aef877d92,
        type: 3}
      propertyPath: m_ConnectedAnchor.z
      value: 0.000000007683412
      objectReference: {fileID: 0}
    m_RemovedComponents: []
  m_SourcePrefab: {fileID: 100100000, guid: 6ecacf3c72bc846cbad60b3aef877d92, type: 3}
--- !u!4 &2552870989291918982 stripped
Transform:
  m_CorrespondingSourceObject: {fileID: 5552689699487108079, guid: 6ecacf3c72bc846cbad60b3aef877d92,
    type: 3}
  m_PrefabInstance: {fileID: 7954064474040917353}
  m_PrefabAsset: {fileID: 0}
--- !u!1001 &8740025850131647680
PrefabInstance:
  m_ObjectHideFlags: 0
  serializedVersion: 2
  m_Modification:
    m_TransformParent: {fileID: 2632835834119639685}
    m_Modifications:
    - target: {fileID: 976247727577372115, guid: 6ecacf3c72bc846cbad60b3aef877d92,
        type: 3}
      propertyPath: m_ConnectedAnchor.x
      value: 0.010083925
      objectReference: {fileID: 0}
    - target: {fileID: 1833515512106974859, guid: 6ecacf3c72bc846cbad60b3aef877d92,
        type: 3}
      propertyPath: m_ConnectedAnchor.x
      value: -1.0348479e-10
      objectReference: {fileID: 0}
    - target: {fileID: 1833515512106974859, guid: 6ecacf3c72bc846cbad60b3aef877d92,
        type: 3}
      propertyPath: m_ConnectedAnchor.y
      value: 0.019915612
      objectReference: {fileID: 0}
    - target: {fileID: 1833515512106974859, guid: 6ecacf3c72bc846cbad60b3aef877d92,
        type: 3}
      propertyPath: m_ConnectedAnchor.z
      value: -0.00018996888
      objectReference: {fileID: 0}
    - target: {fileID: 2039605959890535338, guid: 6ecacf3c72bc846cbad60b3aef877d92,
        type: 3}
      propertyPath: m_ConnectedAnchor.x
      value: -0.000000025844201
      objectReference: {fileID: 0}
    - target: {fileID: 2039605959890535338, guid: 6ecacf3c72bc846cbad60b3aef877d92,
        type: 3}
      propertyPath: m_ConnectedAnchor.y
      value: 0.010437207
      objectReference: {fileID: 0}
    - target: {fileID: 2039605959890535338, guid: 6ecacf3c72bc846cbad60b3aef877d92,
        type: 3}
      propertyPath: m_ConnectedAnchor.z
      value: -0.000000024912882
      objectReference: {fileID: 0}
    - target: {fileID: 2149941187803817156, guid: 6ecacf3c72bc846cbad60b3aef877d92,
        type: 3}
      propertyPath: m_ConnectedAnchor.x
      value: -0.010083923
      objectReference: {fileID: 0}
    - target: {fileID: 2149941187803817156, guid: 6ecacf3c72bc846cbad60b3aef877d92,
        type: 3}
      propertyPath: m_ConnectedAnchor.y
      value: 0.0113735525
      objectReference: {fileID: 0}
    - target: {fileID: 2149941187803817156, guid: 6ecacf3c72bc846cbad60b3aef877d92,
        type: 3}
      propertyPath: m_ConnectedAnchor.z
      value: -0.0012420494
      objectReference: {fileID: 0}
    - target: {fileID: 2463229463840918225, guid: 6ecacf3c72bc846cbad60b3aef877d92,
        type: 3}
      propertyPath: m_ConnectedAnchor.x
      value: -0.000000001006953
      objectReference: {fileID: 0}
    - target: {fileID: 2463229463840918225, guid: 6ecacf3c72bc846cbad60b3aef877d92,
        type: 3}
      propertyPath: m_ConnectedAnchor.y
      value: 0.024322288
      objectReference: {fileID: 0}
    - target: {fileID: 2463229463840918225, guid: 6ecacf3c72bc846cbad60b3aef877d92,
        type: 3}
      propertyPath: m_ConnectedAnchor.z
      value: -0.0018552749
      objectReference: {fileID: 0}
    - target: {fileID: 2729504516901920947, guid: 6ecacf3c72bc846cbad60b3aef877d92,
        type: 3}
      propertyPath: m_ConnectedAnchor.x
      value: -0.0000000016007126
      objectReference: {fileID: 0}
    - target: {fileID: 2729504516901920947, guid: 6ecacf3c72bc846cbad60b3aef877d92,
        type: 3}
      propertyPath: m_ConnectedAnchor.y
      value: 0.021108394
      objectReference: {fileID: 0}
    - target: {fileID: 2729504516901920947, guid: 6ecacf3c72bc846cbad60b3aef877d92,
        type: 3}
      propertyPath: m_ConnectedAnchor.z
      value: -0.000000024680949
      objectReference: {fileID: 0}
    - target: {fileID: 3720637679887865669, guid: 6ecacf3c72bc846cbad60b3aef877d92,
        type: 3}
      propertyPath: m_ConnectedAnchor.x
      value: -0.007702924
      objectReference: {fileID: 0}
    - target: {fileID: 3720637679887865669, guid: 6ecacf3c72bc846cbad60b3aef877d92,
        type: 3}
      propertyPath: m_ConnectedAnchor.y
      value: 0.0019972483
      objectReference: {fileID: 0}
    - target: {fileID: 3720637679887865669, guid: 6ecacf3c72bc846cbad60b3aef877d92,
        type: 3}
      propertyPath: m_ConnectedAnchor.z
      value: -0.0018432776
      objectReference: {fileID: 0}
    - target: {fileID: 5165113734897721344, guid: 6ecacf3c72bc846cbad60b3aef877d92,
        type: 3}
      propertyPath: m_ConnectedAnchor.x
      value: 1.1641546e-10
      objectReference: {fileID: 0}
    - target: {fileID: 5165113734897721344, guid: 6ecacf3c72bc846cbad60b3aef877d92,
        type: 3}
      propertyPath: m_ConnectedAnchor.y
      value: 0.021108394
      objectReference: {fileID: 0}
    - target: {fileID: 5165113734897721344, guid: 6ecacf3c72bc846cbad60b3aef877d92,
        type: 3}
      propertyPath: m_ConnectedAnchor.z
      value: -0.00000001525096
      objectReference: {fileID: 0}
    - target: {fileID: 5552689699486816143, guid: 6ecacf3c72bc846cbad60b3aef877d92,
        type: 3}
      propertyPath: m_Name
      value: Squad (1)
      objectReference: {fileID: 0}
    - target: {fileID: 5552689699487108079, guid: 6ecacf3c72bc846cbad60b3aef877d92,
        type: 3}
      propertyPath: m_LocalPosition.x
      value: 0
      objectReference: {fileID: 0}
    - target: {fileID: 5552689699487108079, guid: 6ecacf3c72bc846cbad60b3aef877d92,
        type: 3}
      propertyPath: m_LocalPosition.y
      value: 0
      objectReference: {fileID: 0}
    - target: {fileID: 5552689699487108079, guid: 6ecacf3c72bc846cbad60b3aef877d92,
        type: 3}
      propertyPath: m_LocalPosition.z
      value: -5
      objectReference: {fileID: 0}
    - target: {fileID: 5552689699487108079, guid: 6ecacf3c72bc846cbad60b3aef877d92,
        type: 3}
      propertyPath: m_LocalRotation.x
      value: -0
      objectReference: {fileID: 0}
    - target: {fileID: 5552689699487108079, guid: 6ecacf3c72bc846cbad60b3aef877d92,
        type: 3}
      propertyPath: m_LocalRotation.y
      value: 0.9998631
      objectReference: {fileID: 0}
    - target: {fileID: 5552689699487108079, guid: 6ecacf3c72bc846cbad60b3aef877d92,
        type: 3}
      propertyPath: m_LocalRotation.z
      value: -0
      objectReference: {fileID: 0}
    - target: {fileID: 5552689699487108079, guid: 6ecacf3c72bc846cbad60b3aef877d92,
        type: 3}
      propertyPath: m_LocalRotation.w
      value: -0.016546931
      objectReference: {fileID: 0}
    - target: {fileID: 5552689699487108079, guid: 6ecacf3c72bc846cbad60b3aef877d92,
        type: 3}
      propertyPath: m_RootOrder
      value: 12
      objectReference: {fileID: 0}
    - target: {fileID: 5552689699487108079, guid: 6ecacf3c72bc846cbad60b3aef877d92,
        type: 3}
      propertyPath: m_LocalEulerAnglesHint.x
      value: 0
      objectReference: {fileID: 0}
    - target: {fileID: 5552689699487108079, guid: 6ecacf3c72bc846cbad60b3aef877d92,
        type: 3}
      propertyPath: m_LocalEulerAnglesHint.y
      value: 181.896
      objectReference: {fileID: 0}
    - target: {fileID: 5552689699487108079, guid: 6ecacf3c72bc846cbad60b3aef877d92,
        type: 3}
      propertyPath: m_LocalEulerAnglesHint.z
      value: 0
      objectReference: {fileID: 0}
    - target: {fileID: 5603263287231305689, guid: 6ecacf3c72bc846cbad60b3aef877d92,
        type: 3}
      propertyPath: m_ConnectedAnchor.x
      value: 0.0077029252
      objectReference: {fileID: 0}
    - target: {fileID: 5603263287231305689, guid: 6ecacf3c72bc846cbad60b3aef877d92,
        type: 3}
      propertyPath: m_ConnectedAnchor.y
      value: 0.00199725
      objectReference: {fileID: 0}
    - target: {fileID: 5603263287231305689, guid: 6ecacf3c72bc846cbad60b3aef877d92,
        type: 3}
      propertyPath: m_ConnectedAnchor.z
      value: -0.0018432538
      objectReference: {fileID: 0}
    - target: {fileID: 6568766274593109395, guid: 6ecacf3c72bc846cbad60b3aef877d92,
        type: 3}
      propertyPath: m_ConnectedAnchor.x
      value: 0.000000014901163
      objectReference: {fileID: 0}
    - target: {fileID: 6568766274593109395, guid: 6ecacf3c72bc846cbad60b3aef877d92,
        type: 3}
      propertyPath: m_ConnectedAnchor.y
      value: 0.010437223
      objectReference: {fileID: 0}
    - target: {fileID: 6568766274593109395, guid: 6ecacf3c72bc846cbad60b3aef877d92,
        type: 3}
      propertyPath: m_ConnectedAnchor.z
      value: -0.000000025611374
      objectReference: {fileID: 0}
    m_RemovedComponents: []
  m_SourcePrefab: {fileID: 100100000, guid: 6ecacf3c72bc846cbad60b3aef877d92, type: 3}
--- !u!4 &3766648559407089455 stripped
Transform:
  m_CorrespondingSourceObject: {fileID: 5552689699487108079, guid: 6ecacf3c72bc846cbad60b3aef877d92,
    type: 3}
  m_PrefabInstance: {fileID: 8740025850131647680}
  m_PrefabAsset: {fileID: 0}
