%YAML 1.1
%TAG !u! tag:unity3d.com,2011:
--- !u!1 &1468866573475514230
GameObject:
  m_ObjectHideFlags: 0
  m_CorrespondingSourceObject: {fileID: 0}
  m_PrefabInstance: {fileID: 0}
  m_PrefabAsset: {fileID: 0}
  serializedVersion: 6
  m_Component:
  - component: {fileID: 8900867122709359225}
  - component: {fileID: 4997919146697936017}
  - component: {fileID: 1232395710588760486}
  - component: {fileID: 3189797178089953279}
  m_Layer: 0
  m_Name: Cube
  m_TagString: Deadly
  m_Icon: {fileID: 0}
  m_NavMeshLayer: 0
  m_StaticEditorFlags: 0
  m_IsActive: 1
--- !u!4 &8900867122709359225
Transform:
  m_ObjectHideFlags: 0
  m_CorrespondingSourceObject: {fileID: 0}
  m_PrefabInstance: {fileID: 0}
  m_PrefabAsset: {fileID: 0}
  m_GameObject: {fileID: 1468866573475514230}
  m_LocalRotation: {x: 0, y: 0, z: 0, w: 1}
  m_LocalPosition: {x: 0, y: -4, z: -2}
  m_LocalScale: {x: 16, y: 2, z: 22}
  m_Children: []
  m_Father: {fileID: 6756376949087063153}
  m_RootOrder: 11
  m_LocalEulerAnglesHint: {x: 0, y: 0, z: 0}
--- !u!33 &4997919146697936017
MeshFilter:
  m_ObjectHideFlags: 0
  m_CorrespondingSourceObject: {fileID: 0}
  m_PrefabInstance: {fileID: 0}
  m_PrefabAsset: {fileID: 0}
  m_GameObject: {fileID: 1468866573475514230}
  m_Mesh: {fileID: 10202, guid: 0000000000000000e000000000000000, type: 0}
--- !u!23 &1232395710588760486
MeshRenderer:
  m_ObjectHideFlags: 0
  m_CorrespondingSourceObject: {fileID: 0}
  m_PrefabInstance: {fileID: 0}
  m_PrefabAsset: {fileID: 0}
  m_GameObject: {fileID: 1468866573475514230}
  m_Enabled: 0
  m_CastShadows: 1
  m_ReceiveShadows: 1
  m_DynamicOccludee: 1
  m_MotionVectors: 1
  m_LightProbeUsage: 1
  m_ReflectionProbeUsage: 1
  m_RenderingLayerMask: 1
  m_RendererPriority: 0
  m_Materials:
  - {fileID: 10303, guid: 0000000000000000f000000000000000, type: 0}
  m_StaticBatchInfo:
    firstSubMesh: 0
    subMeshCount: 0
  m_StaticBatchRoot: {fileID: 0}
  m_ProbeAnchor: {fileID: 0}
  m_LightProbeVolumeOverride: {fileID: 0}
  m_ScaleInLightmap: 1
  m_ReceiveGI: 1
  m_PreserveUVs: 0
  m_IgnoreNormalsForChartDetection: 0
  m_ImportantGI: 0
  m_StitchLightmapSeams: 1
  m_SelectedEditorRenderState: 3
  m_MinimumChartSize: 4
  m_AutoUVMaxDistance: 0.5
  m_AutoUVMaxAngle: 89
  m_LightmapParameters: {fileID: 0}
  m_SortingLayerID: 0
  m_SortingLayer: 0
  m_SortingOrder: 0
--- !u!65 &3189797178089953279
BoxCollider:
  m_ObjectHideFlags: 0
  m_CorrespondingSourceObject: {fileID: 0}
  m_PrefabInstance: {fileID: 0}
  m_PrefabAsset: {fileID: 0}
  m_GameObject: {fileID: 1468866573475514230}
  m_Material: {fileID: 0}
  m_IsTrigger: 1
  m_Enabled: 1
  serializedVersion: 2
  m_Size: {x: 1, y: 1, z: 1}
  m_Center: {x: 0, y: 0, z: 0}
--- !u!1 &6756376949087063182
GameObject:
  m_ObjectHideFlags: 0
  m_CorrespondingSourceObject: {fileID: 0}
  m_PrefabInstance: {fileID: 0}
  m_PrefabAsset: {fileID: 0}
  serializedVersion: 6
  m_Component:
  - component: {fileID: 6756376949087063153}
  - component: {fileID: 6756376949087063152}
  - component: {fileID: 1494160131599354197}
  m_Layer: 0
  m_Name: RoomBasic 2
  m_TagString: Untagged
  m_Icon: {fileID: 0}
  m_NavMeshLayer: 0
  m_StaticEditorFlags: 0
  m_IsActive: 1
--- !u!4 &6756376949087063153
Transform:
  m_ObjectHideFlags: 0
  m_CorrespondingSourceObject: {fileID: 0}
  m_PrefabInstance: {fileID: 0}
  m_PrefabAsset: {fileID: 0}
  m_GameObject: {fileID: 6756376949087063182}
  m_LocalRotation: {x: 0, y: 0, z: 0, w: 1}
  m_LocalPosition: {x: 0, y: 0, z: 0}
  m_LocalScale: {x: 1, y: 1, z: 1}
  m_Children:
  - {fileID: 4849699151124728311}
  - {fileID: 4849699150532957351}
  - {fileID: 4849699151145944800}
  - {fileID: 4849699151527791101}
  - {fileID: 4849699150654986844}
  - {fileID: 4849699150413344111}
  - {fileID: 4849699150208563366}
  - {fileID: 4849699151325297053}
  - {fileID: 4849699151485392911}
  - {fileID: 4849699150918185009}
  - {fileID: 4849699149648495672}
  - {fileID: 8900867122709359225}
  m_Father: {fileID: 0}
  m_RootOrder: 0
  m_LocalEulerAnglesHint: {x: 0, y: 0, z: 0}
--- !u!114 &6756376949087063152
MonoBehaviour:
  m_ObjectHideFlags: 0
  m_CorrespondingSourceObject: {fileID: 0}
  m_PrefabInstance: {fileID: 0}
  m_PrefabAsset: {fileID: 0}
  m_GameObject: {fileID: 6756376949087063182}
  m_Enabled: 1
  m_EditorHideFlags: 0
  m_Script: {fileID: 11500000, guid: 7da2e84290ff24257b6234a1a91296af, type: 3}
  m_Name: 
  m_EditorClassIdentifier: 
  initial: {fileID: 4849699149648495672}
  final: {fileID: 4849699151124728311}
  currentEnemyIndex: -1
  instantiatedPrefab: {fileID: 0}
  instantiatedObjects: []
  enemyPattern:
  - {fileID: 374347117516165909, guid: e97dab7d45c7344beb7e8e5f1d0e1248, type: 3}
  - {fileID: 2237757674464006011, guid: 6b6e5ea685f2940e9819f984ff614103, type: 3}
  - {fileID: 5885599776634917663, guid: 2252bb8373eee478c9beaa4156062a3c, type: 3}
  - {fileID: 7198178024699211632, guid: eb6990d07c95a45198f15a594d76108f, type: 3}
  - {fileID: 569979940063698178, guid: cfd8fc18fcdd54a9aa6e314c7aecb05e, type: 3}
  - {fileID: 36338249112101946, guid: 53cbd2b6a56c84eb18940199d172f27a, type: 3}
  - {fileID: 589677067341718040, guid: f67475f3b425d4d39aa14b955faae563, type: 3}
  - {fileID: 5682056478189042417, guid: 614c0398218424b65bd031e63c31b189, type: 3}
  - {fileID: 7532489443969306370, guid: c16f1604a556f46f1a8ff00921585c3e, type: 3}
  - {fileID: 4491712042581057953, guid: 2d331c716fa1e4c0681ea206fb3e38a3, type: 3}
--- !u!114 &1494160131599354197
MonoBehaviour:
  m_ObjectHideFlags: 0
  m_CorrespondingSourceObject: {fileID: 0}
  m_PrefabInstance: {fileID: 0}
  m_PrefabAsset: {fileID: 0}
  m_GameObject: {fileID: 6756376949087063182}
  m_Enabled: 1
  m_EditorHideFlags: 0
  m_Script: {fileID: 11500000, guid: 7a5ac11cc976e418e8d13136b07e1f52, type: 3}
  m_Name: 
  m_EditorClassIdentifier: 
  m_AgentTypeID: 0
  m_CollectObjects: 0
  m_Size: {x: 10, y: 10, z: 10}
  m_Center: {x: 0, y: 2, z: 0}
  m_LayerMask:
    serializedVersion: 2
    m_Bits: 4294967295
  m_UseGeometry: 0
  m_DefaultArea: 0
  m_IgnoreNavMeshAgent: 1
  m_IgnoreNavMeshObstacle: 1
  m_OverrideTileSize: 0
  m_TileSize: 256
  m_OverrideVoxelSize: 0
  m_VoxelSize: 0.06666667
  m_BuildHeightMesh: 0
  m_NavMeshData: {fileID: 23800000, guid: 9c0e27be2814a4406baa04180cea32e1, type: 2}
--- !u!1001 &6756376947700652787
PrefabInstance:
  m_ObjectHideFlags: 0
  serializedVersion: 2
  m_Modification:
    m_TransformParent: {fileID: 6756376949087063153}
    m_Modifications:
    - target: {fileID: 2201959670033678511, guid: 9a5f761746793419e8ccd15e1c9ce26c,
        type: 3}
      propertyPath: m_LocalPosition.x
      value: -4
      objectReference: {fileID: 0}
    - target: {fileID: 2201959670033678511, guid: 9a5f761746793419e8ccd15e1c9ce26c,
        type: 3}
      propertyPath: m_LocalPosition.y
      value: 0
      objectReference: {fileID: 0}
    - target: {fileID: 2201959670033678511, guid: 9a5f761746793419e8ccd15e1c9ce26c,
        type: 3}
      propertyPath: m_LocalPosition.z
      value: -2
      objectReference: {fileID: 0}
    - target: {fileID: 2201959670033678511, guid: 9a5f761746793419e8ccd15e1c9ce26c,
        type: 3}
      propertyPath: m_LocalRotation.x
      value: -0
      objectReference: {fileID: 0}
    - target: {fileID: 2201959670033678511, guid: 9a5f761746793419e8ccd15e1c9ce26c,
        type: 3}
      propertyPath: m_LocalRotation.y
      value: -0
      objectReference: {fileID: 0}
    - target: {fileID: 2201959670033678511, guid: 9a5f761746793419e8ccd15e1c9ce26c,
        type: 3}
      propertyPath: m_LocalRotation.z
      value: -0
      objectReference: {fileID: 0}
    - target: {fileID: 2201959670033678511, guid: 9a5f761746793419e8ccd15e1c9ce26c,
        type: 3}
      propertyPath: m_LocalRotation.w
      value: 1
      objectReference: {fileID: 0}
    - target: {fileID: 2201959670033678511, guid: 9a5f761746793419e8ccd15e1c9ce26c,
        type: 3}
      propertyPath: m_RootOrder
      value: 4
      objectReference: {fileID: 0}
    - target: {fileID: 2201959670033678511, guid: 9a5f761746793419e8ccd15e1c9ce26c,
        type: 3}
      propertyPath: m_LocalEulerAnglesHint.x
      value: 0
      objectReference: {fileID: 0}
    - target: {fileID: 2201959670033678511, guid: 9a5f761746793419e8ccd15e1c9ce26c,
        type: 3}
      propertyPath: m_LocalEulerAnglesHint.y
      value: 0
      objectReference: {fileID: 0}
    - target: {fileID: 2201959670033678511, guid: 9a5f761746793419e8ccd15e1c9ce26c,
        type: 3}
      propertyPath: m_LocalEulerAnglesHint.z
      value: 0
      objectReference: {fileID: 0}
    - target: {fileID: 6384997738684674516, guid: 9a5f761746793419e8ccd15e1c9ce26c,
        type: 3}
      propertyPath: m_Name
      value: Cube4x4 (10)
      objectReference: {fileID: 0}
    m_RemovedComponents: []
  m_SourcePrefab: {fileID: 100100000, guid: 9a5f761746793419e8ccd15e1c9ce26c, type: 3}
--- !u!4 &4849699150654986844 stripped
Transform:
  m_CorrespondingSourceObject: {fileID: 2201959670033678511, guid: 9a5f761746793419e8ccd15e1c9ce26c,
    type: 3}
  m_PrefabInstance: {fileID: 6756376947700652787}
  m_PrefabAsset: {fileID: 0}
--- !u!1001 &6756376948028862622
PrefabInstance:
  m_ObjectHideFlags: 0
  serializedVersion: 2
  m_Modification:
    m_TransformParent: {fileID: 6756376949087063153}
    m_Modifications:
    - target: {fileID: 2201959670033678511, guid: 9a5f761746793419e8ccd15e1c9ce26c,
        type: 3}
      propertyPath: m_LocalPosition.x
      value: 4
      objectReference: {fileID: 0}
    - target: {fileID: 2201959670033678511, guid: 9a5f761746793419e8ccd15e1c9ce26c,
        type: 3}
      propertyPath: m_LocalPosition.y
      value: 0
      objectReference: {fileID: 0}
    - target: {fileID: 2201959670033678511, guid: 9a5f761746793419e8ccd15e1c9ce26c,
        type: 3}
      propertyPath: m_LocalPosition.z
      value: -6
      objectReference: {fileID: 0}
    - target: {fileID: 2201959670033678511, guid: 9a5f761746793419e8ccd15e1c9ce26c,
        type: 3}
      propertyPath: m_LocalRotation.x
      value: -0
      objectReference: {fileID: 0}
    - target: {fileID: 2201959670033678511, guid: 9a5f761746793419e8ccd15e1c9ce26c,
        type: 3}
      propertyPath: m_LocalRotation.y
      value: -0
      objectReference: {fileID: 0}
    - target: {fileID: 2201959670033678511, guid: 9a5f761746793419e8ccd15e1c9ce26c,
        type: 3}
      propertyPath: m_LocalRotation.z
      value: -0
      objectReference: {fileID: 0}
    - target: {fileID: 2201959670033678511, guid: 9a5f761746793419e8ccd15e1c9ce26c,
        type: 3}
      propertyPath: m_LocalRotation.w
      value: 1
      objectReference: {fileID: 0}
    - target: {fileID: 2201959670033678511, guid: 9a5f761746793419e8ccd15e1c9ce26c,
        type: 3}
      propertyPath: m_RootOrder
      value: 9
      objectReference: {fileID: 0}
    - target: {fileID: 2201959670033678511, guid: 9a5f761746793419e8ccd15e1c9ce26c,
        type: 3}
      propertyPath: m_LocalEulerAnglesHint.x
      value: 0
      objectReference: {fileID: 0}
    - target: {fileID: 2201959670033678511, guid: 9a5f761746793419e8ccd15e1c9ce26c,
        type: 3}
      propertyPath: m_LocalEulerAnglesHint.y
      value: 0
      objectReference: {fileID: 0}
    - target: {fileID: 2201959670033678511, guid: 9a5f761746793419e8ccd15e1c9ce26c,
        type: 3}
      propertyPath: m_LocalEulerAnglesHint.z
      value: 0
      objectReference: {fileID: 0}
    - target: {fileID: 6384997738684674516, guid: 9a5f761746793419e8ccd15e1c9ce26c,
        type: 3}
      propertyPath: m_Name
      value: Cube4x4 (15)
      objectReference: {fileID: 0}
    m_RemovedComponents: []
  m_SourcePrefab: {fileID: 100100000, guid: 9a5f761746793419e8ccd15e1c9ce26c, type: 3}
--- !u!4 &4849699150918185009 stripped
Transform:
  m_CorrespondingSourceObject: {fileID: 2201959670033678511, guid: 9a5f761746793419e8ccd15e1c9ce26c,
    type: 3}
  m_PrefabInstance: {fileID: 6756376948028862622}
  m_PrefabAsset: {fileID: 0}
--- !u!1001 &6756376948304611672
PrefabInstance:
  m_ObjectHideFlags: 0
  serializedVersion: 2
  m_Modification:
    m_TransformParent: {fileID: 6756376949087063153}
    m_Modifications:
    - target: {fileID: 2201959670033678511, guid: 9a5f761746793419e8ccd15e1c9ce26c,
        type: 3}
      propertyPath: m_LocalPosition.x
      value: -4
      objectReference: {fileID: 0}
    - target: {fileID: 2201959670033678511, guid: 9a5f761746793419e8ccd15e1c9ce26c,
        type: 3}
      propertyPath: m_LocalPosition.y
      value: 0
      objectReference: {fileID: 0}
    - target: {fileID: 2201959670033678511, guid: 9a5f761746793419e8ccd15e1c9ce26c,
        type: 3}
      propertyPath: m_LocalPosition.z
      value: 6
      objectReference: {fileID: 0}
    - target: {fileID: 2201959670033678511, guid: 9a5f761746793419e8ccd15e1c9ce26c,
        type: 3}
      propertyPath: m_LocalRotation.x
      value: -0
      objectReference: {fileID: 0}
    - target: {fileID: 2201959670033678511, guid: 9a5f761746793419e8ccd15e1c9ce26c,
        type: 3}
      propertyPath: m_LocalRotation.y
      value: -0
      objectReference: {fileID: 0}
    - target: {fileID: 2201959670033678511, guid: 9a5f761746793419e8ccd15e1c9ce26c,
        type: 3}
      propertyPath: m_LocalRotation.z
      value: -0
      objectReference: {fileID: 0}
    - target: {fileID: 2201959670033678511, guid: 9a5f761746793419e8ccd15e1c9ce26c,
        type: 3}
      propertyPath: m_LocalRotation.w
      value: 1
      objectReference: {fileID: 0}
    - target: {fileID: 2201959670033678511, guid: 9a5f761746793419e8ccd15e1c9ce26c,
        type: 3}
      propertyPath: m_RootOrder
      value: 0
      objectReference: {fileID: 0}
    - target: {fileID: 2201959670033678511, guid: 9a5f761746793419e8ccd15e1c9ce26c,
        type: 3}
      propertyPath: m_LocalEulerAnglesHint.x
      value: 0
      objectReference: {fileID: 0}
    - target: {fileID: 2201959670033678511, guid: 9a5f761746793419e8ccd15e1c9ce26c,
        type: 3}
      propertyPath: m_LocalEulerAnglesHint.y
      value: 0
      objectReference: {fileID: 0}
    - target: {fileID: 2201959670033678511, guid: 9a5f761746793419e8ccd15e1c9ce26c,
        type: 3}
      propertyPath: m_LocalEulerAnglesHint.z
      value: 0
      objectReference: {fileID: 0}
    - target: {fileID: 6384997738684674516, guid: 9a5f761746793419e8ccd15e1c9ce26c,
        type: 3}
      propertyPath: m_Name
      value: End
      objectReference: {fileID: 0}
    m_RemovedComponents: []
  m_SourcePrefab: {fileID: 100100000, guid: 9a5f761746793419e8ccd15e1c9ce26c, type: 3}
--- !u!4 &4849699151124728311 stripped
Transform:
  m_CorrespondingSourceObject: {fileID: 2201959670033678511, guid: 9a5f761746793419e8ccd15e1c9ce26c,
    type: 3}
  m_PrefabInstance: {fileID: 6756376948304611672}
  m_PrefabAsset: {fileID: 0}
--- !u!1001 &6756376948324779599
PrefabInstance:
  m_ObjectHideFlags: 0
  serializedVersion: 2
  m_Modification:
    m_TransformParent: {fileID: 6756376949087063153}
    m_Modifications:
    - target: {fileID: 2201959670033678511, guid: 9a5f761746793419e8ccd15e1c9ce26c,
        type: 3}
      propertyPath: m_LocalPosition.x
      value: -4
      objectReference: {fileID: 0}
    - target: {fileID: 2201959670033678511, guid: 9a5f761746793419e8ccd15e1c9ce26c,
        type: 3}
      propertyPath: m_LocalPosition.y
      value: 0
      objectReference: {fileID: 0}
    - target: {fileID: 2201959670033678511, guid: 9a5f761746793419e8ccd15e1c9ce26c,
        type: 3}
      propertyPath: m_LocalPosition.z
      value: 2
      objectReference: {fileID: 0}
    - target: {fileID: 2201959670033678511, guid: 9a5f761746793419e8ccd15e1c9ce26c,
        type: 3}
      propertyPath: m_LocalRotation.x
      value: -0
      objectReference: {fileID: 0}
    - target: {fileID: 2201959670033678511, guid: 9a5f761746793419e8ccd15e1c9ce26c,
        type: 3}
      propertyPath: m_LocalRotation.y
      value: -0
      objectReference: {fileID: 0}
    - target: {fileID: 2201959670033678511, guid: 9a5f761746793419e8ccd15e1c9ce26c,
        type: 3}
      propertyPath: m_LocalRotation.z
      value: -0
      objectReference: {fileID: 0}
    - target: {fileID: 2201959670033678511, guid: 9a5f761746793419e8ccd15e1c9ce26c,
        type: 3}
      propertyPath: m_LocalRotation.w
      value: 1
      objectReference: {fileID: 0}
    - target: {fileID: 2201959670033678511, guid: 9a5f761746793419e8ccd15e1c9ce26c,
        type: 3}
      propertyPath: m_RootOrder
      value: 2
      objectReference: {fileID: 0}
    - target: {fileID: 2201959670033678511, guid: 9a5f761746793419e8ccd15e1c9ce26c,
        type: 3}
      propertyPath: m_LocalEulerAnglesHint.x
      value: 0
      objectReference: {fileID: 0}
    - target: {fileID: 2201959670033678511, guid: 9a5f761746793419e8ccd15e1c9ce26c,
        type: 3}
      propertyPath: m_LocalEulerAnglesHint.y
      value: 0
      objectReference: {fileID: 0}
    - target: {fileID: 2201959670033678511, guid: 9a5f761746793419e8ccd15e1c9ce26c,
        type: 3}
      propertyPath: m_LocalEulerAnglesHint.z
      value: 0
      objectReference: {fileID: 0}
    - target: {fileID: 6384997738684674516, guid: 9a5f761746793419e8ccd15e1c9ce26c,
        type: 3}
      propertyPath: m_Name
      value: Cube4x4 (8)
      objectReference: {fileID: 0}
    m_RemovedComponents: []
  m_SourcePrefab: {fileID: 100100000, guid: 9a5f761746793419e8ccd15e1c9ce26c, type: 3}
--- !u!4 &4849699151145944800 stripped
Transform:
  m_CorrespondingSourceObject: {fileID: 2201959670033678511, guid: 9a5f761746793419e8ccd15e1c9ce26c,
    type: 3}
  m_PrefabInstance: {fileID: 6756376948324779599}
  m_PrefabAsset: {fileID: 0}
--- !u!1001 &6756376948372011314
PrefabInstance:
  m_ObjectHideFlags: 0
  serializedVersion: 2
  m_Modification:
    m_TransformParent: {fileID: 6756376949087063153}
    m_Modifications:
    - target: {fileID: 2201959670033678511, guid: 9a5f761746793419e8ccd15e1c9ce26c,
        type: 3}
      propertyPath: m_LocalPosition.x
      value: -4
      objectReference: {fileID: 0}
    - target: {fileID: 2201959670033678511, guid: 9a5f761746793419e8ccd15e1c9ce26c,
        type: 3}
      propertyPath: m_LocalPosition.y
      value: 0
      objectReference: {fileID: 0}
    - target: {fileID: 2201959670033678511, guid: 9a5f761746793419e8ccd15e1c9ce26c,
        type: 3}
      propertyPath: m_LocalPosition.z
      value: -6
      objectReference: {fileID: 0}
    - target: {fileID: 2201959670033678511, guid: 9a5f761746793419e8ccd15e1c9ce26c,
        type: 3}
      propertyPath: m_LocalRotation.x
      value: -0
      objectReference: {fileID: 0}
    - target: {fileID: 2201959670033678511, guid: 9a5f761746793419e8ccd15e1c9ce26c,
        type: 3}
      propertyPath: m_LocalRotation.y
      value: -0
      objectReference: {fileID: 0}
    - target: {fileID: 2201959670033678511, guid: 9a5f761746793419e8ccd15e1c9ce26c,
        type: 3}
      propertyPath: m_LocalRotation.z
      value: -0
      objectReference: {fileID: 0}
    - target: {fileID: 2201959670033678511, guid: 9a5f761746793419e8ccd15e1c9ce26c,
        type: 3}
      propertyPath: m_LocalRotation.w
      value: 1
      objectReference: {fileID: 0}
    - target: {fileID: 2201959670033678511, guid: 9a5f761746793419e8ccd15e1c9ce26c,
        type: 3}
      propertyPath: m_RootOrder
      value: 7
      objectReference: {fileID: 0}
    - target: {fileID: 2201959670033678511, guid: 9a5f761746793419e8ccd15e1c9ce26c,
        type: 3}
      propertyPath: m_LocalEulerAnglesHint.x
      value: 0
      objectReference: {fileID: 0}
    - target: {fileID: 2201959670033678511, guid: 9a5f761746793419e8ccd15e1c9ce26c,
        type: 3}
      propertyPath: m_LocalEulerAnglesHint.y
      value: 0
      objectReference: {fileID: 0}
    - target: {fileID: 2201959670033678511, guid: 9a5f761746793419e8ccd15e1c9ce26c,
        type: 3}
      propertyPath: m_LocalEulerAnglesHint.z
      value: 0
      objectReference: {fileID: 0}
    - target: {fileID: 6384997738684674516, guid: 9a5f761746793419e8ccd15e1c9ce26c,
        type: 3}
      propertyPath: m_Name
      value: Cube4x4 (13)
      objectReference: {fileID: 0}
    m_RemovedComponents: []
  m_SourcePrefab: {fileID: 100100000, guid: 9a5f761746793419e8ccd15e1c9ce26c, type: 3}
--- !u!4 &4849699151325297053 stripped
Transform:
  m_CorrespondingSourceObject: {fileID: 2201959670033678511, guid: 9a5f761746793419e8ccd15e1c9ce26c,
    type: 3}
  m_PrefabInstance: {fileID: 6756376948372011314}
  m_PrefabAsset: {fileID: 0}
--- !u!1001 &6756376948531058848
PrefabInstance:
  m_ObjectHideFlags: 0
  serializedVersion: 2
  m_Modification:
    m_TransformParent: {fileID: 6756376949087063153}
    m_Modifications:
    - target: {fileID: 2201959670033678511, guid: 9a5f761746793419e8ccd15e1c9ce26c,
        type: 3}
      propertyPath: m_LocalPosition.x
      value: 0
      objectReference: {fileID: 0}
    - target: {fileID: 2201959670033678511, guid: 9a5f761746793419e8ccd15e1c9ce26c,
        type: 3}
      propertyPath: m_LocalPosition.y
      value: 0
      objectReference: {fileID: 0}
    - target: {fileID: 2201959670033678511, guid: 9a5f761746793419e8ccd15e1c9ce26c,
        type: 3}
      propertyPath: m_LocalPosition.z
      value: -6
      objectReference: {fileID: 0}
    - target: {fileID: 2201959670033678511, guid: 9a5f761746793419e8ccd15e1c9ce26c,
        type: 3}
      propertyPath: m_LocalRotation.x
      value: -0
      objectReference: {fileID: 0}
    - target: {fileID: 2201959670033678511, guid: 9a5f761746793419e8ccd15e1c9ce26c,
        type: 3}
      propertyPath: m_LocalRotation.y
      value: -0
      objectReference: {fileID: 0}
    - target: {fileID: 2201959670033678511, guid: 9a5f761746793419e8ccd15e1c9ce26c,
        type: 3}
      propertyPath: m_LocalRotation.z
      value: -0
      objectReference: {fileID: 0}
    - target: {fileID: 2201959670033678511, guid: 9a5f761746793419e8ccd15e1c9ce26c,
        type: 3}
      propertyPath: m_LocalRotation.w
      value: 1
      objectReference: {fileID: 0}
    - target: {fileID: 2201959670033678511, guid: 9a5f761746793419e8ccd15e1c9ce26c,
        type: 3}
      propertyPath: m_RootOrder
      value: 8
      objectReference: {fileID: 0}
    - target: {fileID: 2201959670033678511, guid: 9a5f761746793419e8ccd15e1c9ce26c,
        type: 3}
      propertyPath: m_LocalEulerAnglesHint.x
      value: 0
      objectReference: {fileID: 0}
    - target: {fileID: 2201959670033678511, guid: 9a5f761746793419e8ccd15e1c9ce26c,
        type: 3}
      propertyPath: m_LocalEulerAnglesHint.y
      value: 0
      objectReference: {fileID: 0}
    - target: {fileID: 2201959670033678511, guid: 9a5f761746793419e8ccd15e1c9ce26c,
        type: 3}
      propertyPath: m_LocalEulerAnglesHint.z
      value: 0
      objectReference: {fileID: 0}
    - target: {fileID: 6384997738684674516, guid: 9a5f761746793419e8ccd15e1c9ce26c,
        type: 3}
      propertyPath: m_Name
      value: Cube4x4 (14)
      objectReference: {fileID: 0}
    m_RemovedComponents: []
  m_SourcePrefab: {fileID: 100100000, guid: 9a5f761746793419e8ccd15e1c9ce26c, type: 3}
--- !u!4 &4849699151485392911 stripped
Transform:
  m_CorrespondingSourceObject: {fileID: 2201959670033678511, guid: 9a5f761746793419e8ccd15e1c9ce26c,
    type: 3}
  m_PrefabInstance: {fileID: 6756376948531058848}
  m_PrefabAsset: {fileID: 0}
--- !u!1001 &6756376948706625874
PrefabInstance:
  m_ObjectHideFlags: 0
  serializedVersion: 2
  m_Modification:
    m_TransformParent: {fileID: 6756376949087063153}
    m_Modifications:
    - target: {fileID: 2201959670033678511, guid: 9a5f761746793419e8ccd15e1c9ce26c,
        type: 3}
      propertyPath: m_LocalPosition.x
      value: 0
      objectReference: {fileID: 0}
    - target: {fileID: 2201959670033678511, guid: 9a5f761746793419e8ccd15e1c9ce26c,
        type: 3}
      propertyPath: m_LocalPosition.y
      value: 0
      objectReference: {fileID: 0}
    - target: {fileID: 2201959670033678511, guid: 9a5f761746793419e8ccd15e1c9ce26c,
        type: 3}
      propertyPath: m_LocalPosition.z
      value: 2
      objectReference: {fileID: 0}
    - target: {fileID: 2201959670033678511, guid: 9a5f761746793419e8ccd15e1c9ce26c,
        type: 3}
      propertyPath: m_LocalRotation.x
      value: -0
      objectReference: {fileID: 0}
    - target: {fileID: 2201959670033678511, guid: 9a5f761746793419e8ccd15e1c9ce26c,
        type: 3}
      propertyPath: m_LocalRotation.y
      value: -0
      objectReference: {fileID: 0}
    - target: {fileID: 2201959670033678511, guid: 9a5f761746793419e8ccd15e1c9ce26c,
        type: 3}
      propertyPath: m_LocalRotation.z
      value: -0
      objectReference: {fileID: 0}
    - target: {fileID: 2201959670033678511, guid: 9a5f761746793419e8ccd15e1c9ce26c,
        type: 3}
      propertyPath: m_LocalRotation.w
      value: 1
      objectReference: {fileID: 0}
    - target: {fileID: 2201959670033678511, guid: 9a5f761746793419e8ccd15e1c9ce26c,
        type: 3}
      propertyPath: m_RootOrder
      value: 3
      objectReference: {fileID: 0}
    - target: {fileID: 2201959670033678511, guid: 9a5f761746793419e8ccd15e1c9ce26c,
        type: 3}
      propertyPath: m_LocalEulerAnglesHint.x
      value: 0
      objectReference: {fileID: 0}
    - target: {fileID: 2201959670033678511, guid: 9a5f761746793419e8ccd15e1c9ce26c,
        type: 3}
      propertyPath: m_LocalEulerAnglesHint.y
      value: 0
      objectReference: {fileID: 0}
    - target: {fileID: 2201959670033678511, guid: 9a5f761746793419e8ccd15e1c9ce26c,
        type: 3}
      propertyPath: m_LocalEulerAnglesHint.z
      value: 0
      objectReference: {fileID: 0}
    - target: {fileID: 6384997738684674516, guid: 9a5f761746793419e8ccd15e1c9ce26c,
        type: 3}
      propertyPath: m_Name
      value: Cube4x4 (7)
      objectReference: {fileID: 0}
    m_RemovedComponents: []
  m_SourcePrefab: {fileID: 100100000, guid: 9a5f761746793419e8ccd15e1c9ce26c, type: 3}
--- !u!4 &4849699151527791101 stripped
Transform:
  m_CorrespondingSourceObject: {fileID: 2201959670033678511, guid: 9a5f761746793419e8ccd15e1c9ce26c,
    type: 3}
  m_PrefabInstance: {fileID: 6756376948706625874}
  m_PrefabAsset: {fileID: 0}
--- !u!1001 &6756376948974814359
PrefabInstance:
  m_ObjectHideFlags: 0
  serializedVersion: 2
  m_Modification:
    m_TransformParent: {fileID: 6756376949087063153}
    m_Modifications:
    - target: {fileID: 2201959670033678511, guid: 9a5f761746793419e8ccd15e1c9ce26c,
        type: 3}
      propertyPath: m_LocalPosition.x
      value: 4
      objectReference: {fileID: 0}
    - target: {fileID: 2201959670033678511, guid: 9a5f761746793419e8ccd15e1c9ce26c,
        type: 3}
      propertyPath: m_LocalPosition.y
      value: 0
      objectReference: {fileID: 0}
    - target: {fileID: 2201959670033678511, guid: 9a5f761746793419e8ccd15e1c9ce26c,
        type: 3}
      propertyPath: m_LocalPosition.z
      value: -10
      objectReference: {fileID: 0}
    - target: {fileID: 2201959670033678511, guid: 9a5f761746793419e8ccd15e1c9ce26c,
        type: 3}
      propertyPath: m_LocalRotation.x
      value: -0
      objectReference: {fileID: 0}
    - target: {fileID: 2201959670033678511, guid: 9a5f761746793419e8ccd15e1c9ce26c,
        type: 3}
      propertyPath: m_LocalRotation.y
      value: -0
      objectReference: {fileID: 0}
    - target: {fileID: 2201959670033678511, guid: 9a5f761746793419e8ccd15e1c9ce26c,
        type: 3}
      propertyPath: m_LocalRotation.z
      value: -0
      objectReference: {fileID: 0}
    - target: {fileID: 2201959670033678511, guid: 9a5f761746793419e8ccd15e1c9ce26c,
        type: 3}
      propertyPath: m_LocalRotation.w
      value: 1
      objectReference: {fileID: 0}
    - target: {fileID: 2201959670033678511, guid: 9a5f761746793419e8ccd15e1c9ce26c,
        type: 3}
      propertyPath: m_RootOrder
      value: 10
      objectReference: {fileID: 0}
    - target: {fileID: 2201959670033678511, guid: 9a5f761746793419e8ccd15e1c9ce26c,
        type: 3}
      propertyPath: m_LocalEulerAnglesHint.x
      value: 0
      objectReference: {fileID: 0}
    - target: {fileID: 2201959670033678511, guid: 9a5f761746793419e8ccd15e1c9ce26c,
        type: 3}
      propertyPath: m_LocalEulerAnglesHint.y
      value: 0
      objectReference: {fileID: 0}
    - target: {fileID: 2201959670033678511, guid: 9a5f761746793419e8ccd15e1c9ce26c,
        type: 3}
      propertyPath: m_LocalEulerAnglesHint.z
      value: 0
      objectReference: {fileID: 0}
    - target: {fileID: 6384997738684674516, guid: 9a5f761746793419e8ccd15e1c9ce26c,
        type: 3}
      propertyPath: m_Name
      value: Initial
      objectReference: {fileID: 0}
    m_RemovedComponents: []
  m_SourcePrefab: {fileID: 100100000, guid: 9a5f761746793419e8ccd15e1c9ce26c, type: 3}
--- !u!4 &4849699149648495672 stripped
Transform:
  m_CorrespondingSourceObject: {fileID: 2201959670033678511, guid: 9a5f761746793419e8ccd15e1c9ce26c,
    type: 3}
  m_PrefabInstance: {fileID: 6756376948974814359}
  m_PrefabAsset: {fileID: 0}
--- !u!1001 &6756376949534881801
PrefabInstance:
  m_ObjectHideFlags: 0
  serializedVersion: 2
  m_Modification:
    m_TransformParent: {fileID: 6756376949087063153}
    m_Modifications:
    - target: {fileID: 2201959670033678511, guid: 9a5f761746793419e8ccd15e1c9ce26c,
        type: 3}
      propertyPath: m_LocalPosition.x
      value: 4
      objectReference: {fileID: 0}
    - target: {fileID: 2201959670033678511, guid: 9a5f761746793419e8ccd15e1c9ce26c,
        type: 3}
      propertyPath: m_LocalPosition.y
      value: 0
      objectReference: {fileID: 0}
    - target: {fileID: 2201959670033678511, guid: 9a5f761746793419e8ccd15e1c9ce26c,
        type: 3}
      propertyPath: m_LocalPosition.z
      value: -2
      objectReference: {fileID: 0}
    - target: {fileID: 2201959670033678511, guid: 9a5f761746793419e8ccd15e1c9ce26c,
        type: 3}
      propertyPath: m_LocalRotation.x
      value: -0
      objectReference: {fileID: 0}
    - target: {fileID: 2201959670033678511, guid: 9a5f761746793419e8ccd15e1c9ce26c,
        type: 3}
      propertyPath: m_LocalRotation.y
      value: -0
      objectReference: {fileID: 0}
    - target: {fileID: 2201959670033678511, guid: 9a5f761746793419e8ccd15e1c9ce26c,
        type: 3}
      propertyPath: m_LocalRotation.z
      value: -0
      objectReference: {fileID: 0}
    - target: {fileID: 2201959670033678511, guid: 9a5f761746793419e8ccd15e1c9ce26c,
        type: 3}
      propertyPath: m_LocalRotation.w
      value: 1
      objectReference: {fileID: 0}
    - target: {fileID: 2201959670033678511, guid: 9a5f761746793419e8ccd15e1c9ce26c,
        type: 3}
      propertyPath: m_RootOrder
      value: 6
      objectReference: {fileID: 0}
    - target: {fileID: 2201959670033678511, guid: 9a5f761746793419e8ccd15e1c9ce26c,
        type: 3}
      propertyPath: m_LocalEulerAnglesHint.x
      value: 0
      objectReference: {fileID: 0}
    - target: {fileID: 2201959670033678511, guid: 9a5f761746793419e8ccd15e1c9ce26c,
        type: 3}
      propertyPath: m_LocalEulerAnglesHint.y
      value: 0
      objectReference: {fileID: 0}
    - target: {fileID: 2201959670033678511, guid: 9a5f761746793419e8ccd15e1c9ce26c,
        type: 3}
      propertyPath: m_LocalEulerAnglesHint.z
      value: 0
      objectReference: {fileID: 0}
    - target: {fileID: 6384997738684674516, guid: 9a5f761746793419e8ccd15e1c9ce26c,
        type: 3}
      propertyPath: m_Name
      value: Cube4x4 (12)
      objectReference: {fileID: 0}
    m_RemovedComponents: []
  m_SourcePrefab: {fileID: 100100000, guid: 9a5f761746793419e8ccd15e1c9ce26c, type: 3}
--- !u!4 &4849699150208563366 stripped
Transform:
  m_CorrespondingSourceObject: {fileID: 2201959670033678511, guid: 9a5f761746793419e8ccd15e1c9ce26c,
    type: 3}
  m_PrefabInstance: {fileID: 6756376949534881801}
  m_PrefabAsset: {fileID: 0}
--- !u!1001 &6756376949607542208
PrefabInstance:
  m_ObjectHideFlags: 0
  serializedVersion: 2
  m_Modification:
    m_TransformParent: {fileID: 6756376949087063153}
    m_Modifications:
    - target: {fileID: 2201959670033678511, guid: 9a5f761746793419e8ccd15e1c9ce26c,
        type: 3}
      propertyPath: m_LocalPosition.x
      value: 0
      objectReference: {fileID: 0}
    - target: {fileID: 2201959670033678511, guid: 9a5f761746793419e8ccd15e1c9ce26c,
        type: 3}
      propertyPath: m_LocalPosition.y
      value: 0
      objectReference: {fileID: 0}
    - target: {fileID: 2201959670033678511, guid: 9a5f761746793419e8ccd15e1c9ce26c,
        type: 3}
      propertyPath: m_LocalPosition.z
      value: -2
      objectReference: {fileID: 0}
    - target: {fileID: 2201959670033678511, guid: 9a5f761746793419e8ccd15e1c9ce26c,
        type: 3}
      propertyPath: m_LocalRotation.x
      value: -0
      objectReference: {fileID: 0}
    - target: {fileID: 2201959670033678511, guid: 9a5f761746793419e8ccd15e1c9ce26c,
        type: 3}
      propertyPath: m_LocalRotation.y
      value: -0
      objectReference: {fileID: 0}
    - target: {fileID: 2201959670033678511, guid: 9a5f761746793419e8ccd15e1c9ce26c,
        type: 3}
      propertyPath: m_LocalRotation.z
      value: -0
      objectReference: {fileID: 0}
    - target: {fileID: 2201959670033678511, guid: 9a5f761746793419e8ccd15e1c9ce26c,
        type: 3}
      propertyPath: m_LocalRotation.w
      value: 1
      objectReference: {fileID: 0}
    - target: {fileID: 2201959670033678511, guid: 9a5f761746793419e8ccd15e1c9ce26c,
        type: 3}
      propertyPath: m_RootOrder
      value: 5
      objectReference: {fileID: 0}
    - target: {fileID: 2201959670033678511, guid: 9a5f761746793419e8ccd15e1c9ce26c,
        type: 3}
      propertyPath: m_LocalEulerAnglesHint.x
      value: 0
      objectReference: {fileID: 0}
    - target: {fileID: 2201959670033678511, guid: 9a5f761746793419e8ccd15e1c9ce26c,
        type: 3}
      propertyPath: m_LocalEulerAnglesHint.y
      value: 0
      objectReference: {fileID: 0}
    - target: {fileID: 2201959670033678511, guid: 9a5f761746793419e8ccd15e1c9ce26c,
        type: 3}
      propertyPath: m_LocalEulerAnglesHint.z
      value: 0
      objectReference: {fileID: 0}
    - target: {fileID: 6384997738684674516, guid: 9a5f761746793419e8ccd15e1c9ce26c,
        type: 3}
      propertyPath: m_Name
      value: Cube4x4 (11)
      objectReference: {fileID: 0}
    m_RemovedComponents: []
  m_SourcePrefab: {fileID: 100100000, guid: 9a5f761746793419e8ccd15e1c9ce26c, type: 3}
--- !u!4 &4849699150413344111 stripped
Transform:
  m_CorrespondingSourceObject: {fileID: 2201959670033678511, guid: 9a5f761746793419e8ccd15e1c9ce26c,
    type: 3}
  m_PrefabInstance: {fileID: 6756376949607542208}
  m_PrefabAsset: {fileID: 0}
--- !u!1001 &6756376949727155208
PrefabInstance:
  m_ObjectHideFlags: 0
  serializedVersion: 2
  m_Modification:
    m_TransformParent: {fileID: 6756376949087063153}
    m_Modifications:
    - target: {fileID: 2201959670033678511, guid: 9a5f761746793419e8ccd15e1c9ce26c,
        type: 3}
      propertyPath: m_LocalPosition.x
      value: 4
      objectReference: {fileID: 0}
    - target: {fileID: 2201959670033678511, guid: 9a5f761746793419e8ccd15e1c9ce26c,
        type: 3}
      propertyPath: m_LocalPosition.y
      value: 0
      objectReference: {fileID: 0}
    - target: {fileID: 2201959670033678511, guid: 9a5f761746793419e8ccd15e1c9ce26c,
        type: 3}
      propertyPath: m_LocalPosition.z
      value: 2
      objectReference: {fileID: 0}
    - target: {fileID: 2201959670033678511, guid: 9a5f761746793419e8ccd15e1c9ce26c,
        type: 3}
      propertyPath: m_LocalRotation.x
      value: -0
      objectReference: {fileID: 0}
    - target: {fileID: 2201959670033678511, guid: 9a5f761746793419e8ccd15e1c9ce26c,
        type: 3}
      propertyPath: m_LocalRotation.y
      value: -0
      objectReference: {fileID: 0}
    - target: {fileID: 2201959670033678511, guid: 9a5f761746793419e8ccd15e1c9ce26c,
        type: 3}
      propertyPath: m_LocalRotation.z
      value: -0
      objectReference: {fileID: 0}
    - target: {fileID: 2201959670033678511, guid: 9a5f761746793419e8ccd15e1c9ce26c,
        type: 3}
      propertyPath: m_LocalRotation.w
      value: 1
      objectReference: {fileID: 0}
    - target: {fileID: 2201959670033678511, guid: 9a5f761746793419e8ccd15e1c9ce26c,
        type: 3}
      propertyPath: m_RootOrder
      value: 1
      objectReference: {fileID: 0}
    - target: {fileID: 2201959670033678511, guid: 9a5f761746793419e8ccd15e1c9ce26c,
        type: 3}
      propertyPath: m_LocalEulerAnglesHint.x
      value: 0
      objectReference: {fileID: 0}
    - target: {fileID: 2201959670033678511, guid: 9a5f761746793419e8ccd15e1c9ce26c,
        type: 3}
      propertyPath: m_LocalEulerAnglesHint.y
      value: 0
      objectReference: {fileID: 0}
    - target: {fileID: 2201959670033678511, guid: 9a5f761746793419e8ccd15e1c9ce26c,
        type: 3}
      propertyPath: m_LocalEulerAnglesHint.z
      value: 0
      objectReference: {fileID: 0}
    - target: {fileID: 6384997738684674516, guid: 9a5f761746793419e8ccd15e1c9ce26c,
        type: 3}
      propertyPath: m_Name
      value: Cube4x4 (9)
      objectReference: {fileID: 0}
    m_RemovedComponents: []
  m_SourcePrefab: {fileID: 100100000, guid: 9a5f761746793419e8ccd15e1c9ce26c, type: 3}
--- !u!4 &4849699150532957351 stripped
Transform:
  m_CorrespondingSourceObject: {fileID: 2201959670033678511, guid: 9a5f761746793419e8ccd15e1c9ce26c,
    type: 3}
  m_PrefabInstance: {fileID: 6756376949727155208}
  m_PrefabAsset: {fileID: 0}
