%YAML 1.1
%TAG !u! tag:unity3d.com,2011:
--- !u!1 &2162100051064752463
GameObject:
  m_ObjectHideFlags: 0
  m_CorrespondingSourceObject: {fileID: 0}
  m_PrefabInstance: {fileID: 0}
  m_PrefabAsset: {fileID: 0}
  serializedVersion: 6
  m_Component:
  - component: {fileID: 8207000712919311424}
  - component: {fileID: 5710291841592083112}
  - component: {fileID: 1979751541770174367}
  - component: {fileID: 2749249064213010886}
  m_Layer: 0
  m_Name: Cube
  m_TagString: Deadly
  m_Icon: {fileID: 0}
  m_NavMeshLayer: 0
  m_StaticEditorFlags: 0
  m_IsActive: 1
--- !u!4 &8207000712919311424
Transform:
  m_ObjectHideFlags: 0
  m_CorrespondingSourceObject: {fileID: 0}
  m_PrefabInstance: {fileID: 0}
  m_PrefabAsset: {fileID: 0}
  m_GameObject: {fileID: 2162100051064752463}
  m_LocalRotation: {x: 0, y: 0, z: 0, w: 1}
  m_LocalPosition: {x: 0, y: -4, z: -2}
  m_LocalScale: {x: 16, y: 2, z: 22}
  m_Children: []
  m_Father: {fileID: 6314149889464681032}
  m_RootOrder: 10
  m_LocalEulerAnglesHint: {x: 0, y: 0, z: 0}
--- !u!33 &5710291841592083112
MeshFilter:
  m_ObjectHideFlags: 0
  m_CorrespondingSourceObject: {fileID: 0}
  m_PrefabInstance: {fileID: 0}
  m_PrefabAsset: {fileID: 0}
  m_GameObject: {fileID: 2162100051064752463}
  m_Mesh: {fileID: 10202, guid: 0000000000000000e000000000000000, type: 0}
--- !u!23 &1979751541770174367
MeshRenderer:
  m_ObjectHideFlags: 0
  m_CorrespondingSourceObject: {fileID: 0}
  m_PrefabInstance: {fileID: 0}
  m_PrefabAsset: {fileID: 0}
  m_GameObject: {fileID: 2162100051064752463}
  m_Enabled: 0
  m_CastShadows: 1
  m_ReceiveShadows: 1
  m_DynamicOccludee: 1
  m_MotionVectors: 1
  m_LightProbeUsage: 1
  m_ReflectionProbeUsage: 1
  m_RenderingLayerMask: 1
  m_RendererPriority: 0
  m_Materials:
  - {fileID: 10303, guid: 0000000000000000f000000000000000, type: 0}
  m_StaticBatchInfo:
    firstSubMesh: 0
    subMeshCount: 0
  m_StaticBatchRoot: {fileID: 0}
  m_ProbeAnchor: {fileID: 0}
  m_LightProbeVolumeOverride: {fileID: 0}
  m_ScaleInLightmap: 1
  m_ReceiveGI: 1
  m_PreserveUVs: 0
  m_IgnoreNormalsForChartDetection: 0
  m_ImportantGI: 0
  m_StitchLightmapSeams: 1
  m_SelectedEditorRenderState: 3
  m_MinimumChartSize: 4
  m_AutoUVMaxDistance: 0.5
  m_AutoUVMaxAngle: 89
  m_LightmapParameters: {fileID: 0}
  m_SortingLayerID: 0
  m_SortingLayer: 0
  m_SortingOrder: 0
--- !u!65 &2749249064213010886
BoxCollider:
  m_ObjectHideFlags: 0
  m_CorrespondingSourceObject: {fileID: 0}
  m_PrefabInstance: {fileID: 0}
  m_PrefabAsset: {fileID: 0}
  m_GameObject: {fileID: 2162100051064752463}
  m_Material: {fileID: 0}
  m_IsTrigger: 1
  m_Enabled: 1
  serializedVersion: 2
  m_Size: {x: 1, y: 1, z: 1}
  m_Center: {x: 0, y: 0, z: 0}
--- !u!1 &6314149889464681143
GameObject:
  m_ObjectHideFlags: 0
  m_CorrespondingSourceObject: {fileID: 0}
  m_PrefabInstance: {fileID: 0}
  m_PrefabAsset: {fileID: 0}
  serializedVersion: 6
  m_Component:
  - component: {fileID: 6314149889464681032}
  - component: {fileID: 6314149889464681033}
  - component: {fileID: 1803225831556163795}
  - component: {fileID: 466096590296303164}
  - component: {fileID: 975137510884226246}
  m_Layer: 0
  m_Name: LevelPrefab4
  m_TagString: Untagged
  m_Icon: {fileID: 0}
  m_NavMeshLayer: 0
  m_StaticEditorFlags: 0
  m_IsActive: 1
--- !u!4 &6314149889464681032
Transform:
  m_ObjectHideFlags: 0
  m_CorrespondingSourceObject: {fileID: 0}
  m_PrefabInstance: {fileID: 0}
  m_PrefabAsset: {fileID: 0}
  m_GameObject: {fileID: 6314149889464681143}
  m_LocalRotation: {x: 0, y: 0, z: 0, w: 1}
  m_LocalPosition: {x: 0, y: 0, z: 1}
  m_LocalScale: {x: 1, y: 1, z: 1}
  m_Children:
  - {fileID: 5273349549537626062}
  - {fileID: 5273349548283157150}
  - {fileID: 5273349549551044825}
  - {fileID: 5273349549404342212}
  - {fileID: 5273349550007407717}
  - {fileID: 5273349548609402527}
  - {fileID: 5273349549604501412}
  - {fileID: 5273349549210555958}
  - {fileID: 5273349549779877384}
  - {fileID: 5273349549135858177}
  - {fileID: 8207000712919311424}
  - {fileID: 5146551195760973794}
  - {fileID: 562834222019886144}
  - {fileID: 5146551197188824608}
  - {fileID: 8538545084106946680}
  - {fileID: 8193186073424052820}
  - {fileID: 4906968540295566832}
  - {fileID: 9067445905578564975}
  - {fileID: 1425771224929890988}
  - {fileID: 1207814731992692662}
  m_Father: {fileID: 0}
  m_RootOrder: 0
  m_LocalEulerAnglesHint: {x: 0, y: 0, z: 0}
--- !u!114 &6314149889464681033
MonoBehaviour:
  m_ObjectHideFlags: 0
  m_CorrespondingSourceObject: {fileID: 0}
  m_PrefabInstance: {fileID: 0}
  m_PrefabAsset: {fileID: 0}
  m_GameObject: {fileID: 6314149889464681143}
  m_Enabled: 1
  m_EditorHideFlags: 0
  m_Script: {fileID: 11500000, guid: 7da2e84290ff24257b6234a1a91296af, type: 3}
  m_Name: 
  m_EditorClassIdentifier: 
  initial: {fileID: 5273349549135858177}
  final: {fileID: 5273349549537626062}
  enemiesOrSquads: []
--- !u!114 &1803225831556163795
MonoBehaviour:
  m_ObjectHideFlags: 0
  m_CorrespondingSourceObject: {fileID: 0}
  m_PrefabInstance: {fileID: 0}
  m_PrefabAsset: {fileID: 0}
  m_GameObject: {fileID: 6314149889464681143}
  m_Enabled: 1
  m_EditorHideFlags: 0
  m_Script: {fileID: 11500000, guid: 7a5ac11cc976e418e8d13136b07e1f52, type: 3}
  m_Name: 
  m_EditorClassIdentifier: 
  m_AgentTypeID: 0
  m_CollectObjects: 0
  m_Size: {x: 10, y: 10, z: 10}
  m_Center: {x: 0, y: 2, z: 0}
  m_LayerMask:
    serializedVersion: 2
    m_Bits: 4294967295
  m_UseGeometry: 0
  m_DefaultArea: 0
  m_IgnoreNavMeshAgent: 1
  m_IgnoreNavMeshObstacle: 1
  m_OverrideTileSize: 0
  m_TileSize: 256
  m_OverrideVoxelSize: 0
  m_VoxelSize: 0.06666667
  m_BuildHeightMesh: 0
  m_NavMeshData: {fileID: 23800000, guid: f1f976740772a40038a90009433a1e4b, type: 2}
--- !u!114 &466096590296303164
MonoBehaviour:
  m_ObjectHideFlags: 0
  m_CorrespondingSourceObject: {fileID: 0}
  m_PrefabInstance: {fileID: 0}
  m_PrefabAsset: {fileID: 0}
  m_GameObject: {fileID: 6314149889464681143}
  m_Enabled: 1
  m_EditorHideFlags: 0
  m_Script: {fileID: 11500000, guid: 6eeb5dc026fdf4b488bc7ae0138ab719, type: 3}
  m_Name: 
  m_EditorClassIdentifier: 
  m_AgentTypeID: 0
  m_StartPoint: {x: 0, y: 0, z: 7.5}
  m_EndPoint: {x: 0, y: 0, z: 8.5}
  m_Width: 4
  m_CostModifier: -1
  m_Bidirectional: 1
  m_AutoUpdatePosition: 1
  m_Area: 0
--- !u!114 &975137510884226246
MonoBehaviour:
  m_ObjectHideFlags: 0
  m_CorrespondingSourceObject: {fileID: 0}
  m_PrefabInstance: {fileID: 0}
  m_PrefabAsset: {fileID: 0}
  m_GameObject: {fileID: 6314149889464681143}
  m_Enabled: 1
  m_EditorHideFlags: 0
  m_Script: {fileID: 11500000, guid: 6eeb5dc026fdf4b488bc7ae0138ab719, type: 3}
  m_Name: 
  m_EditorClassIdentifier: 
  m_AgentTypeID: 0
  m_StartPoint: {x: 0, y: 0, z: -11.5}
  m_EndPoint: {x: 0, y: 0, z: -12.5}
  m_Width: 4
  m_CostModifier: -1
  m_Bidirectional: 1
  m_AutoUpdatePosition: 1
  m_Area: 0
--- !u!1001 &748482469922577421
PrefabInstance:
  m_ObjectHideFlags: 0
  serializedVersion: 2
  m_Modification:
    m_TransformParent: {fileID: 6314149889464681032}
    m_Modifications:
    - target: {fileID: 976247727577372115, guid: 6ecacf3c72bc846cbad60b3aef877d92,
        type: 3}
      propertyPath: m_ConnectedAnchor.x
      value: 0.010083913
      objectReference: {fileID: 0}
    - target: {fileID: 1833515512106974859, guid: 6ecacf3c72bc846cbad60b3aef877d92,
        type: 3}
      propertyPath: m_ConnectedAnchor.x
      value: -0.000000020720964
      objectReference: {fileID: 0}
    - target: {fileID: 1833515512106974859, guid: 6ecacf3c72bc846cbad60b3aef877d92,
        type: 3}
      propertyPath: m_ConnectedAnchor.y
      value: 0.01991561
      objectReference: {fileID: 0}
    - target: {fileID: 1833515512106974859, guid: 6ecacf3c72bc846cbad60b3aef877d92,
        type: 3}
      propertyPath: m_ConnectedAnchor.z
      value: -0.0001899768
      objectReference: {fileID: 0}
    - target: {fileID: 2039605959890535338, guid: 6ecacf3c72bc846cbad60b3aef877d92,
        type: 3}
      propertyPath: m_ConnectedAnchor.x
      value: -0.000000018626451
      objectReference: {fileID: 0}
    - target: {fileID: 2039605959890535338, guid: 6ecacf3c72bc846cbad60b3aef877d92,
        type: 3}
      propertyPath: m_ConnectedAnchor.y
      value: 0.010437201
      objectReference: {fileID: 0}
    - target: {fileID: 2039605959890535338, guid: 6ecacf3c72bc846cbad60b3aef877d92,
        type: 3}
      propertyPath: m_ConnectedAnchor.z
      value: 0.000000008847565
      objectReference: {fileID: 0}
    - target: {fileID: 2149941187803817156, guid: 6ecacf3c72bc846cbad60b3aef877d92,
        type: 3}
      propertyPath: m_ConnectedAnchor.x
      value: -0.010083938
      objectReference: {fileID: 0}
    - target: {fileID: 2149941187803817156, guid: 6ecacf3c72bc846cbad60b3aef877d92,
        type: 3}
      propertyPath: m_ConnectedAnchor.y
      value: 0.011373546
      objectReference: {fileID: 0}
    - target: {fileID: 2149941187803817156, guid: 6ecacf3c72bc846cbad60b3aef877d92,
        type: 3}
      propertyPath: m_ConnectedAnchor.z
      value: -0.0012420202
      objectReference: {fileID: 0}
    - target: {fileID: 2463229463840918225, guid: 6ecacf3c72bc846cbad60b3aef877d92,
        type: 3}
      propertyPath: m_ConnectedAnchor.x
      value: -0.000000018904917
      objectReference: {fileID: 0}
    - target: {fileID: 2463229463840918225, guid: 6ecacf3c72bc846cbad60b3aef877d92,
        type: 3}
      propertyPath: m_ConnectedAnchor.y
      value: 0.024322286
      objectReference: {fileID: 0}
    - target: {fileID: 2463229463840918225, guid: 6ecacf3c72bc846cbad60b3aef877d92,
        type: 3}
      propertyPath: m_ConnectedAnchor.z
      value: -0.0018553028
      objectReference: {fileID: 0}
    - target: {fileID: 2729504516901920947, guid: 6ecacf3c72bc846cbad60b3aef877d92,
        type: 3}
      propertyPath: m_ConnectedAnchor.x
      value: 0.0000000067812005
      objectReference: {fileID: 0}
    - target: {fileID: 2729504516901920947, guid: 6ecacf3c72bc846cbad60b3aef877d92,
        type: 3}
      propertyPath: m_ConnectedAnchor.y
      value: 0.021108396
      objectReference: {fileID: 0}
    - target: {fileID: 2729504516901920947, guid: 6ecacf3c72bc846cbad60b3aef877d92,
        type: 3}
      propertyPath: m_ConnectedAnchor.z
      value: 0.000000005122461
      objectReference: {fileID: 0}
    - target: {fileID: 3720637679887865669, guid: 6ecacf3c72bc846cbad60b3aef877d92,
        type: 3}
      propertyPath: m_ConnectedAnchor.x
      value: -0.0077029224
      objectReference: {fileID: 0}
    - target: {fileID: 3720637679887865669, guid: 6ecacf3c72bc846cbad60b3aef877d92,
        type: 3}
      propertyPath: m_ConnectedAnchor.y
      value: 0.0019972483
      objectReference: {fileID: 0}
    - target: {fileID: 3720637679887865669, guid: 6ecacf3c72bc846cbad60b3aef877d92,
        type: 3}
      propertyPath: m_ConnectedAnchor.z
      value: -0.0018432776
      objectReference: {fileID: 0}
    - target: {fileID: 5165113734897721344, guid: 6ecacf3c72bc846cbad60b3aef877d92,
        type: 3}
      propertyPath: m_ConnectedAnchor.x
      value: -0.0000000035797754
      objectReference: {fileID: 0}
    - target: {fileID: 5165113734897721344, guid: 6ecacf3c72bc846cbad60b3aef877d92,
        type: 3}
      propertyPath: m_ConnectedAnchor.y
      value: 0.021108396
      objectReference: {fileID: 0}
    - target: {fileID: 5165113734897721344, guid: 6ecacf3c72bc846cbad60b3aef877d92,
        type: 3}
      propertyPath: m_ConnectedAnchor.z
      value: -0.00000001536738
      objectReference: {fileID: 0}
    - target: {fileID: 5552689699486816143, guid: 6ecacf3c72bc846cbad60b3aef877d92,
        type: 3}
      propertyPath: m_Name
      value: Squad (1)
      objectReference: {fileID: 0}
    - target: {fileID: 5552689699487108079, guid: 6ecacf3c72bc846cbad60b3aef877d92,
        type: 3}
      propertyPath: m_LocalPosition.x
      value: -4
      objectReference: {fileID: 0}
    - target: {fileID: 5552689699487108079, guid: 6ecacf3c72bc846cbad60b3aef877d92,
        type: 3}
      propertyPath: m_LocalPosition.y
      value: 0
      objectReference: {fileID: 0}
    - target: {fileID: 5552689699487108079, guid: 6ecacf3c72bc846cbad60b3aef877d92,
        type: 3}
      propertyPath: m_LocalPosition.z
      value: -2
      objectReference: {fileID: 0}
    - target: {fileID: 5552689699487108079, guid: 6ecacf3c72bc846cbad60b3aef877d92,
        type: 3}
      propertyPath: m_LocalRotation.x
      value: -0
      objectReference: {fileID: 0}
    - target: {fileID: 5552689699487108079, guid: 6ecacf3c72bc846cbad60b3aef877d92,
        type: 3}
      propertyPath: m_LocalRotation.y
      value: 0.9998631
      objectReference: {fileID: 0}
    - target: {fileID: 5552689699487108079, guid: 6ecacf3c72bc846cbad60b3aef877d92,
        type: 3}
      propertyPath: m_LocalRotation.z
      value: -0
      objectReference: {fileID: 0}
    - target: {fileID: 5552689699487108079, guid: 6ecacf3c72bc846cbad60b3aef877d92,
        type: 3}
      propertyPath: m_LocalRotation.w
      value: -0.016546931
      objectReference: {fileID: 0}
    - target: {fileID: 5552689699487108079, guid: 6ecacf3c72bc846cbad60b3aef877d92,
        type: 3}
      propertyPath: m_RootOrder
      value: 11
      objectReference: {fileID: 0}
    - target: {fileID: 5552689699487108079, guid: 6ecacf3c72bc846cbad60b3aef877d92,
        type: 3}
      propertyPath: m_LocalEulerAnglesHint.x
      value: 0
      objectReference: {fileID: 0}
    - target: {fileID: 5552689699487108079, guid: 6ecacf3c72bc846cbad60b3aef877d92,
        type: 3}
      propertyPath: m_LocalEulerAnglesHint.y
      value: 181.896
      objectReference: {fileID: 0}
    - target: {fileID: 5552689699487108079, guid: 6ecacf3c72bc846cbad60b3aef877d92,
        type: 3}
      propertyPath: m_LocalEulerAnglesHint.z
      value: 0
      objectReference: {fileID: 0}
    - target: {fileID: 5603263287231305689, guid: 6ecacf3c72bc846cbad60b3aef877d92,
        type: 3}
      propertyPath: m_ConnectedAnchor.x
      value: 0.007702917
      objectReference: {fileID: 0}
    - target: {fileID: 5603263287231305689, guid: 6ecacf3c72bc846cbad60b3aef877d92,
        type: 3}
      propertyPath: m_ConnectedAnchor.y
      value: 0.0019972497
      objectReference: {fileID: 0}
    - target: {fileID: 5603263287231305689, guid: 6ecacf3c72bc846cbad60b3aef877d92,
        type: 3}
      propertyPath: m_ConnectedAnchor.z
      value: -0.0018432566
      objectReference: {fileID: 0}
    - target: {fileID: 6568766274593109395, guid: 6ecacf3c72bc846cbad60b3aef877d92,
        type: 3}
      propertyPath: m_ConnectedAnchor.x
      value: 0.000000015599655
      objectReference: {fileID: 0}
    - target: {fileID: 6568766274593109395, guid: 6ecacf3c72bc846cbad60b3aef877d92,
        type: 3}
      propertyPath: m_ConnectedAnchor.y
      value: 0.010437212
      objectReference: {fileID: 0}
    - target: {fileID: 6568766274593109395, guid: 6ecacf3c72bc846cbad60b3aef877d92,
        type: 3}
      propertyPath: m_ConnectedAnchor.z
      value: -0.000000007217751
      objectReference: {fileID: 0}
    m_RemovedComponents: []
  m_SourcePrefab: {fileID: 100100000, guid: 6ecacf3c72bc846cbad60b3aef877d92, type: 3}
--- !u!4 &5146551195760973794 stripped
Transform:
  m_CorrespondingSourceObject: {fileID: 5552689699487108079, guid: 6ecacf3c72bc846cbad60b3aef877d92,
    type: 3}
  m_PrefabInstance: {fileID: 748482469922577421}
  m_PrefabAsset: {fileID: 0}
--- !u!1001 &748482470194454563
PrefabInstance:
  m_ObjectHideFlags: 0
  serializedVersion: 2
  m_Modification:
    m_TransformParent: {fileID: 6314149889464681032}
    m_Modifications:
    - target: {fileID: 557168967232209590, guid: a3e6e7f4eb811440ba4ca341c073e592,
        type: 3}
      propertyPath: m_Name
      value: BallBreakableSmall (1)
      objectReference: {fileID: 0}
    - target: {fileID: 557168967232209590, guid: a3e6e7f4eb811440ba4ca341c073e592,
        type: 3}
      propertyPath: m_IsActive
      value: 1
      objectReference: {fileID: 0}
    - target: {fileID: 985358584179170403, guid: a3e6e7f4eb811440ba4ca341c073e592,
        type: 3}
      propertyPath: m_LocalPosition.x
      value: 4
      objectReference: {fileID: 0}
    - target: {fileID: 985358584179170403, guid: a3e6e7f4eb811440ba4ca341c073e592,
        type: 3}
      propertyPath: m_LocalPosition.y
      value: 0
      objectReference: {fileID: 0}
    - target: {fileID: 985358584179170403, guid: a3e6e7f4eb811440ba4ca341c073e592,
        type: 3}
      propertyPath: m_LocalPosition.z
      value: -2
      objectReference: {fileID: 0}
    - target: {fileID: 985358584179170403, guid: a3e6e7f4eb811440ba4ca341c073e592,
        type: 3}
      propertyPath: m_LocalRotation.x
      value: -0
      objectReference: {fileID: 0}
    - target: {fileID: 985358584179170403, guid: a3e6e7f4eb811440ba4ca341c073e592,
        type: 3}
      propertyPath: m_LocalRotation.y
      value: -0
      objectReference: {fileID: 0}
    - target: {fileID: 985358584179170403, guid: a3e6e7f4eb811440ba4ca341c073e592,
        type: 3}
      propertyPath: m_LocalRotation.z
      value: -0
      objectReference: {fileID: 0}
    - target: {fileID: 985358584179170403, guid: a3e6e7f4eb811440ba4ca341c073e592,
        type: 3}
      propertyPath: m_LocalRotation.w
      value: 1
      objectReference: {fileID: 0}
    - target: {fileID: 985358584179170403, guid: a3e6e7f4eb811440ba4ca341c073e592,
        type: 3}
      propertyPath: m_RootOrder
      value: 12
      objectReference: {fileID: 0}
    - target: {fileID: 985358584179170403, guid: a3e6e7f4eb811440ba4ca341c073e592,
        type: 3}
      propertyPath: m_LocalEulerAnglesHint.x
      value: 0
      objectReference: {fileID: 0}
    - target: {fileID: 985358584179170403, guid: a3e6e7f4eb811440ba4ca341c073e592,
        type: 3}
      propertyPath: m_LocalEulerAnglesHint.y
      value: 0
      objectReference: {fileID: 0}
    - target: {fileID: 985358584179170403, guid: a3e6e7f4eb811440ba4ca341c073e592,
        type: 3}
      propertyPath: m_LocalEulerAnglesHint.z
      value: 0
      objectReference: {fileID: 0}
    - target: {fileID: 4483092260311038762, guid: a3e6e7f4eb811440ba4ca341c073e592,
        type: 3}
      propertyPath: m_Radius
      value: 3
      objectReference: {fileID: 0}
    - target: {fileID: 5617087542540443430, guid: a3e6e7f4eb811440ba4ca341c073e592,
        type: 3}
      propertyPath: m_textInfo.characterCount
      value: 1
      objectReference: {fileID: 0}
    - target: {fileID: 5617087542540443430, guid: a3e6e7f4eb811440ba4ca341c073e592,
        type: 3}
      propertyPath: m_textInfo.wordCount
      value: 1
      objectReference: {fileID: 0}
    - target: {fileID: 5617087542540443430, guid: a3e6e7f4eb811440ba4ca341c073e592,
        type: 3}
      propertyPath: m_textInfo.lineCount
      value: 1
      objectReference: {fileID: 0}
    - target: {fileID: 5617087542540443430, guid: a3e6e7f4eb811440ba4ca341c073e592,
        type: 3}
      propertyPath: m_textInfo.pageCount
      value: 1
      objectReference: {fileID: 0}
    - target: {fileID: 8066983072024732996, guid: a3e6e7f4eb811440ba4ca341c073e592,
        type: 3}
      propertyPath: maxMinions
      value: 4
      objectReference: {fileID: 0}
    - target: {fileID: 8487119348351840658, guid: a3e6e7f4eb811440ba4ca341c073e592,
        type: 3}
      propertyPath: m_LocalScale.y
      value: 0.5
      objectReference: {fileID: 0}
    - target: {fileID: 8784336022682508317, guid: a3e6e7f4eb811440ba4ca341c073e592,
        type: 3}
      propertyPath: m_Enabled
      value: 1
      objectReference: {fileID: 0}
    m_RemovedComponents: []
  m_SourcePrefab: {fileID: 100100000, guid: a3e6e7f4eb811440ba4ca341c073e592, type: 3}
--- !u!4 &562834222019886144 stripped
Transform:
  m_CorrespondingSourceObject: {fileID: 985358584179170403, guid: a3e6e7f4eb811440ba4ca341c073e592,
    type: 3}
  m_PrefabInstance: {fileID: 748482470194454563}
  m_PrefabAsset: {fileID: 0}
--- !u!1001 &748482470708205007
PrefabInstance:
  m_ObjectHideFlags: 0
  serializedVersion: 2
  m_Modification:
    m_TransformParent: {fileID: 6314149889464681032}
    m_Modifications:
    - target: {fileID: 976247727577372115, guid: 6ecacf3c72bc846cbad60b3aef877d92,
        type: 3}
      propertyPath: m_ConnectedAnchor.x
      value: 0.010083913
      objectReference: {fileID: 0}
    - target: {fileID: 1833515512106974859, guid: 6ecacf3c72bc846cbad60b3aef877d92,
        type: 3}
      propertyPath: m_ConnectedAnchor.x
      value: 0.000000009447991
      objectReference: {fileID: 0}
    - target: {fileID: 1833515512106974859, guid: 6ecacf3c72bc846cbad60b3aef877d92,
        type: 3}
      propertyPath: m_ConnectedAnchor.y
      value: 0.01991562
      objectReference: {fileID: 0}
    - target: {fileID: 1833515512106974859, guid: 6ecacf3c72bc846cbad60b3aef877d92,
        type: 3}
      propertyPath: m_ConnectedAnchor.z
      value: -0.0001899676
      objectReference: {fileID: 0}
    - target: {fileID: 2039605959890535338, guid: 6ecacf3c72bc846cbad60b3aef877d92,
        type: 3}
      propertyPath: m_ConnectedAnchor.x
      value: -0.000000018626451
      objectReference: {fileID: 0}
    - target: {fileID: 2039605959890535338, guid: 6ecacf3c72bc846cbad60b3aef877d92,
        type: 3}
      propertyPath: m_ConnectedAnchor.y
      value: 0.010437201
      objectReference: {fileID: 0}
    - target: {fileID: 2039605959890535338, guid: 6ecacf3c72bc846cbad60b3aef877d92,
        type: 3}
      propertyPath: m_ConnectedAnchor.z
      value: 0.000000008847565
      objectReference: {fileID: 0}
    - target: {fileID: 2149941187803817156, guid: 6ecacf3c72bc846cbad60b3aef877d92,
        type: 3}
      propertyPath: m_ConnectedAnchor.x
      value: -0.010083938
      objectReference: {fileID: 0}
    - target: {fileID: 2149941187803817156, guid: 6ecacf3c72bc846cbad60b3aef877d92,
        type: 3}
      propertyPath: m_ConnectedAnchor.y
      value: 0.011373546
      objectReference: {fileID: 0}
    - target: {fileID: 2149941187803817156, guid: 6ecacf3c72bc846cbad60b3aef877d92,
        type: 3}
      propertyPath: m_ConnectedAnchor.z
      value: -0.0012420202
      objectReference: {fileID: 0}
    - target: {fileID: 2463229463840918225, guid: 6ecacf3c72bc846cbad60b3aef877d92,
        type: 3}
      propertyPath: m_ConnectedAnchor.x
      value: 0.000000011252982
      objectReference: {fileID: 0}
    - target: {fileID: 2463229463840918225, guid: 6ecacf3c72bc846cbad60b3aef877d92,
        type: 3}
      propertyPath: m_ConnectedAnchor.y
      value: 0.024322286
      objectReference: {fileID: 0}
    - target: {fileID: 2463229463840918225, guid: 6ecacf3c72bc846cbad60b3aef877d92,
        type: 3}
      propertyPath: m_ConnectedAnchor.z
      value: -0.0018553028
      objectReference: {fileID: 0}
    - target: {fileID: 2729504516901920947, guid: 6ecacf3c72bc846cbad60b3aef877d92,
        type: 3}
      propertyPath: m_ConnectedAnchor.x
      value: 0.0000000067812005
      objectReference: {fileID: 0}
    - target: {fileID: 2729504516901920947, guid: 6ecacf3c72bc846cbad60b3aef877d92,
        type: 3}
      propertyPath: m_ConnectedAnchor.y
      value: 0.021108396
      objectReference: {fileID: 0}
    - target: {fileID: 2729504516901920947, guid: 6ecacf3c72bc846cbad60b3aef877d92,
        type: 3}
      propertyPath: m_ConnectedAnchor.z
      value: 0.000000005122461
      objectReference: {fileID: 0}
    - target: {fileID: 3720637679887865669, guid: 6ecacf3c72bc846cbad60b3aef877d92,
        type: 3}
      propertyPath: m_ConnectedAnchor.x
      value: -0.0077029224
      objectReference: {fileID: 0}
    - target: {fileID: 3720637679887865669, guid: 6ecacf3c72bc846cbad60b3aef877d92,
        type: 3}
      propertyPath: m_ConnectedAnchor.y
      value: 0.0019972483
      objectReference: {fileID: 0}
    - target: {fileID: 3720637679887865669, guid: 6ecacf3c72bc846cbad60b3aef877d92,
        type: 3}
      propertyPath: m_ConnectedAnchor.z
      value: -0.0018432776
      objectReference: {fileID: 0}
    - target: {fileID: 5165113734897721344, guid: 6ecacf3c72bc846cbad60b3aef877d92,
        type: 3}
      propertyPath: m_ConnectedAnchor.x
      value: -0.0000000035797754
      objectReference: {fileID: 0}
    - target: {fileID: 5165113734897721344, guid: 6ecacf3c72bc846cbad60b3aef877d92,
        type: 3}
      propertyPath: m_ConnectedAnchor.y
      value: 0.021108396
      objectReference: {fileID: 0}
    - target: {fileID: 5165113734897721344, guid: 6ecacf3c72bc846cbad60b3aef877d92,
        type: 3}
      propertyPath: m_ConnectedAnchor.z
      value: -0.00000001536738
      objectReference: {fileID: 0}
    - target: {fileID: 5552689699486816143, guid: 6ecacf3c72bc846cbad60b3aef877d92,
        type: 3}
      propertyPath: m_Name
      value: Squad (2)
      objectReference: {fileID: 0}
    - target: {fileID: 5552689699487108079, guid: 6ecacf3c72bc846cbad60b3aef877d92,
        type: 3}
      propertyPath: m_LocalPosition.x
      value: -3.5
      objectReference: {fileID: 0}
    - target: {fileID: 5552689699487108079, guid: 6ecacf3c72bc846cbad60b3aef877d92,
        type: 3}
      propertyPath: m_LocalPosition.y
      value: 0
      objectReference: {fileID: 0}
    - target: {fileID: 5552689699487108079, guid: 6ecacf3c72bc846cbad60b3aef877d92,
        type: 3}
      propertyPath: m_LocalPosition.z
      value: -3
      objectReference: {fileID: 0}
    - target: {fileID: 5552689699487108079, guid: 6ecacf3c72bc846cbad60b3aef877d92,
        type: 3}
      propertyPath: m_LocalRotation.x
      value: -0
      objectReference: {fileID: 0}
    - target: {fileID: 5552689699487108079, guid: 6ecacf3c72bc846cbad60b3aef877d92,
        type: 3}
      propertyPath: m_LocalRotation.y
      value: 0.9998631
      objectReference: {fileID: 0}
    - target: {fileID: 5552689699487108079, guid: 6ecacf3c72bc846cbad60b3aef877d92,
        type: 3}
      propertyPath: m_LocalRotation.z
      value: -0
      objectReference: {fileID: 0}
    - target: {fileID: 5552689699487108079, guid: 6ecacf3c72bc846cbad60b3aef877d92,
        type: 3}
      propertyPath: m_LocalRotation.w
      value: -0.016546931
      objectReference: {fileID: 0}
    - target: {fileID: 5552689699487108079, guid: 6ecacf3c72bc846cbad60b3aef877d92,
        type: 3}
      propertyPath: m_RootOrder
      value: 13
      objectReference: {fileID: 0}
    - target: {fileID: 5552689699487108079, guid: 6ecacf3c72bc846cbad60b3aef877d92,
        type: 3}
      propertyPath: m_LocalEulerAnglesHint.x
      value: 0
      objectReference: {fileID: 0}
    - target: {fileID: 5552689699487108079, guid: 6ecacf3c72bc846cbad60b3aef877d92,
        type: 3}
      propertyPath: m_LocalEulerAnglesHint.y
      value: 181.896
      objectReference: {fileID: 0}
    - target: {fileID: 5552689699487108079, guid: 6ecacf3c72bc846cbad60b3aef877d92,
        type: 3}
      propertyPath: m_LocalEulerAnglesHint.z
      value: 0
      objectReference: {fileID: 0}
    - target: {fileID: 5603263287231305689, guid: 6ecacf3c72bc846cbad60b3aef877d92,
        type: 3}
      propertyPath: m_ConnectedAnchor.x
      value: 0.007702917
      objectReference: {fileID: 0}
    - target: {fileID: 5603263287231305689, guid: 6ecacf3c72bc846cbad60b3aef877d92,
        type: 3}
      propertyPath: m_ConnectedAnchor.y
      value: 0.0019972497
      objectReference: {fileID: 0}
    - target: {fileID: 5603263287231305689, guid: 6ecacf3c72bc846cbad60b3aef877d92,
        type: 3}
      propertyPath: m_ConnectedAnchor.z
      value: -0.0018432566
      objectReference: {fileID: 0}
    - target: {fileID: 6568766274593109395, guid: 6ecacf3c72bc846cbad60b3aef877d92,
        type: 3}
      propertyPath: m_ConnectedAnchor.x
      value: 0.000000015133994
      objectReference: {fileID: 0}
    - target: {fileID: 6568766274593109395, guid: 6ecacf3c72bc846cbad60b3aef877d92,
        type: 3}
      propertyPath: m_ConnectedAnchor.y
      value: 0.010437213
      objectReference: {fileID: 0}
    - target: {fileID: 6568766274593109395, guid: 6ecacf3c72bc846cbad60b3aef877d92,
        type: 3}
      propertyPath: m_ConnectedAnchor.z
      value: 0.000000007683412
      objectReference: {fileID: 0}
    m_RemovedComponents: []
  m_SourcePrefab: {fileID: 100100000, guid: 6ecacf3c72bc846cbad60b3aef877d92, type: 3}
--- !u!4 &5146551197188824608 stripped
Transform:
  m_CorrespondingSourceObject: {fileID: 5552689699487108079, guid: 6ecacf3c72bc846cbad60b3aef877d92,
    type: 3}
  m_PrefabInstance: {fileID: 748482470708205007}
  m_PrefabAsset: {fileID: 0}
--- !u!1001 &2088755347928978803
PrefabInstance:
  m_ObjectHideFlags: 0
  serializedVersion: 2
  m_Modification:
    m_TransformParent: {fileID: 6314149889464681032}
    m_Modifications:
    - target: {fileID: 2397454381195490433, guid: 5c140237b737b486d87c6d8383308270,
        type: 3}
      propertyPath: m_Enabled
      value: 1
      objectReference: {fileID: 0}
    - target: {fileID: 7001608606220388380, guid: 5c140237b737b486d87c6d8383308270,
        type: 3}
      propertyPath: m_LocalPosition.x
      value: 0
      objectReference: {fileID: 0}
    - target: {fileID: 7001608606220388380, guid: 5c140237b737b486d87c6d8383308270,
        type: 3}
      propertyPath: m_LocalPosition.y
      value: 0
      objectReference: {fileID: 0}
    - target: {fileID: 7001608606220388380, guid: 5c140237b737b486d87c6d8383308270,
        type: 3}
      propertyPath: m_LocalPosition.z
      value: 3.9558563
      objectReference: {fileID: 0}
    - target: {fileID: 7001608606220388380, guid: 5c140237b737b486d87c6d8383308270,
        type: 3}
      propertyPath: m_LocalRotation.x
      value: -0
      objectReference: {fileID: 0}
    - target: {fileID: 7001608606220388380, guid: 5c140237b737b486d87c6d8383308270,
        type: 3}
      propertyPath: m_LocalRotation.y
      value: -0
      objectReference: {fileID: 0}
    - target: {fileID: 7001608606220388380, guid: 5c140237b737b486d87c6d8383308270,
        type: 3}
      propertyPath: m_LocalRotation.z
      value: -0
      objectReference: {fileID: 0}
    - target: {fileID: 7001608606220388380, guid: 5c140237b737b486d87c6d8383308270,
        type: 3}
      propertyPath: m_LocalRotation.w
      value: 1
      objectReference: {fileID: 0}
    - target: {fileID: 7001608606220388380, guid: 5c140237b737b486d87c6d8383308270,
        type: 3}
      propertyPath: m_RootOrder
      value: 17
      objectReference: {fileID: 0}
    - target: {fileID: 7001608606220388380, guid: 5c140237b737b486d87c6d8383308270,
        type: 3}
      propertyPath: m_LocalEulerAnglesHint.x
      value: 0
      objectReference: {fileID: 0}
    - target: {fileID: 7001608606220388380, guid: 5c140237b737b486d87c6d8383308270,
        type: 3}
      propertyPath: m_LocalEulerAnglesHint.y
      value: 0
      objectReference: {fileID: 0}
    - target: {fileID: 7001608606220388380, guid: 5c140237b737b486d87c6d8383308270,
        type: 3}
      propertyPath: m_LocalEulerAnglesHint.z
      value: 0
      objectReference: {fileID: 0}
    - target: {fileID: 7001608606220388583, guid: 5c140237b737b486d87c6d8383308270,
        type: 3}
      propertyPath: m_Name
      value: BallBreakableBig
      objectReference: {fileID: 0}
    - target: {fileID: 7001608606220388583, guid: 5c140237b737b486d87c6d8383308270,
        type: 3}
      propertyPath: m_IsActive
      value: 1
      objectReference: {fileID: 0}
    - target: {fileID: 7910366665543810383, guid: 5c140237b737b486d87c6d8383308270,
        type: 3}
      propertyPath: m_textInfo.characterCount
      value: 1
      objectReference: {fileID: 0}
    - target: {fileID: 7910366665543810383, guid: 5c140237b737b486d87c6d8383308270,
        type: 3}
      propertyPath: m_textInfo.wordCount
      value: 1
      objectReference: {fileID: 0}
    - target: {fileID: 7910366665543810383, guid: 5c140237b737b486d87c6d8383308270,
        type: 3}
      propertyPath: m_textInfo.lineCount
      value: 1
      objectReference: {fileID: 0}
    - target: {fileID: 7910366665543810383, guid: 5c140237b737b486d87c6d8383308270,
        type: 3}
      propertyPath: m_textInfo.pageCount
      value: 1
      objectReference: {fileID: 0}
    m_RemovedComponents: []
  m_SourcePrefab: {fileID: 100100000, guid: 5c140237b737b486d87c6d8383308270, type: 3}
--- !u!4 &9067445905578564975 stripped
Transform:
  m_CorrespondingSourceObject: {fileID: 7001608606220388380, guid: 5c140237b737b486d87c6d8383308270,
    type: 3}
  m_PrefabInstance: {fileID: 2088755347928978803}
  m_PrefabAsset: {fileID: 0}
--- !u!1001 &2121115641523596245
PrefabInstance:
  m_ObjectHideFlags: 0
  serializedVersion: 2
  m_Modification:
    m_TransformParent: {fileID: 6314149889464681032}
    m_Modifications:
    - target: {fileID: 557168967232209590, guid: a3e6e7f4eb811440ba4ca341c073e592,
        type: 3}
      propertyPath: m_Name
      value: BallBreakableSmall (7)
      objectReference: {fileID: 0}
    - target: {fileID: 557168967232209590, guid: a3e6e7f4eb811440ba4ca341c073e592,
        type: 3}
      propertyPath: m_IsActive
      value: 1
      objectReference: {fileID: 0}
    - target: {fileID: 985358584179170403, guid: a3e6e7f4eb811440ba4ca341c073e592,
        type: 3}
      propertyPath: m_LocalPosition.x
      value: -1.5000001
      objectReference: {fileID: 0}
    - target: {fileID: 985358584179170403, guid: a3e6e7f4eb811440ba4ca341c073e592,
        type: 3}
      propertyPath: m_LocalPosition.y
      value: 0
      objectReference: {fileID: 0}
    - target: {fileID: 985358584179170403, guid: a3e6e7f4eb811440ba4ca341c073e592,
        type: 3}
      propertyPath: m_LocalPosition.z
      value: 3.5
      objectReference: {fileID: 0}
    - target: {fileID: 985358584179170403, guid: a3e6e7f4eb811440ba4ca341c073e592,
        type: 3}
      propertyPath: m_LocalRotation.x
      value: -0
      objectReference: {fileID: 0}
    - target: {fileID: 985358584179170403, guid: a3e6e7f4eb811440ba4ca341c073e592,
        type: 3}
      propertyPath: m_LocalRotation.y
      value: -0
      objectReference: {fileID: 0}
    - target: {fileID: 985358584179170403, guid: a3e6e7f4eb811440ba4ca341c073e592,
        type: 3}
      propertyPath: m_LocalRotation.z
      value: -0
      objectReference: {fileID: 0}
    - target: {fileID: 985358584179170403, guid: a3e6e7f4eb811440ba4ca341c073e592,
        type: 3}
      propertyPath: m_LocalRotation.w
      value: 1
      objectReference: {fileID: 0}
    - target: {fileID: 985358584179170403, guid: a3e6e7f4eb811440ba4ca341c073e592,
        type: 3}
      propertyPath: m_RootOrder
      value: 19
      objectReference: {fileID: 0}
    - target: {fileID: 985358584179170403, guid: a3e6e7f4eb811440ba4ca341c073e592,
        type: 3}
      propertyPath: m_LocalEulerAnglesHint.x
      value: 0
      objectReference: {fileID: 0}
    - target: {fileID: 985358584179170403, guid: a3e6e7f4eb811440ba4ca341c073e592,
        type: 3}
      propertyPath: m_LocalEulerAnglesHint.y
      value: 0
      objectReference: {fileID: 0}
    - target: {fileID: 985358584179170403, guid: a3e6e7f4eb811440ba4ca341c073e592,
        type: 3}
      propertyPath: m_LocalEulerAnglesHint.z
      value: 0
      objectReference: {fileID: 0}
    - target: {fileID: 4483092260311038762, guid: a3e6e7f4eb811440ba4ca341c073e592,
        type: 3}
      propertyPath: m_Radius
      value: 3
      objectReference: {fileID: 0}
    - target: {fileID: 5617087542540443430, guid: a3e6e7f4eb811440ba4ca341c073e592,
        type: 3}
      propertyPath: m_textInfo.characterCount
      value: 1
      objectReference: {fileID: 0}
    - target: {fileID: 5617087542540443430, guid: a3e6e7f4eb811440ba4ca341c073e592,
        type: 3}
      propertyPath: m_textInfo.wordCount
      value: 1
      objectReference: {fileID: 0}
    - target: {fileID: 5617087542540443430, guid: a3e6e7f4eb811440ba4ca341c073e592,
        type: 3}
      propertyPath: m_textInfo.lineCount
      value: 1
      objectReference: {fileID: 0}
    - target: {fileID: 5617087542540443430, guid: a3e6e7f4eb811440ba4ca341c073e592,
        type: 3}
      propertyPath: m_textInfo.pageCount
      value: 1
      objectReference: {fileID: 0}
    - target: {fileID: 8066983072024732996, guid: a3e6e7f4eb811440ba4ca341c073e592,
        type: 3}
      propertyPath: maxMinions
      value: 4
      objectReference: {fileID: 0}
    - target: {fileID: 8487119348351840658, guid: a3e6e7f4eb811440ba4ca341c073e592,
        type: 3}
      propertyPath: m_LocalScale.y
      value: 0.5
      objectReference: {fileID: 0}
    - target: {fileID: 8784336022682508317, guid: a3e6e7f4eb811440ba4ca341c073e592,
        type: 3}
      propertyPath: m_Enabled
      value: 1
      objectReference: {fileID: 0}
    m_RemovedComponents: []
  m_SourcePrefab: {fileID: 100100000, guid: a3e6e7f4eb811440ba4ca341c073e592, type: 3}
--- !u!4 &1207814731992692662 stripped
Transform:
  m_CorrespondingSourceObject: {fileID: 985358584179170403, guid: a3e6e7f4eb811440ba4ca341c073e592,
    type: 3}
  m_PrefabInstance: {fileID: 2121115641523596245}
  m_PrefabAsset: {fileID: 0}
--- !u!1001 &2190413020302864079
PrefabInstance:
  m_ObjectHideFlags: 0
  serializedVersion: 2
  m_Modification:
    m_TransformParent: {fileID: 6314149889464681032}
    m_Modifications:
    - target: {fileID: 557168967232209590, guid: a3e6e7f4eb811440ba4ca341c073e592,
        type: 3}
      propertyPath: m_Name
      value: BallBreakableSmall (6)
      objectReference: {fileID: 0}
    - target: {fileID: 557168967232209590, guid: a3e6e7f4eb811440ba4ca341c073e592,
        type: 3}
      propertyPath: m_IsActive
      value: 1
      objectReference: {fileID: 0}
    - target: {fileID: 985358584179170403, guid: a3e6e7f4eb811440ba4ca341c073e592,
        type: 3}
      propertyPath: m_LocalPosition.x
      value: 1.5
      objectReference: {fileID: 0}
    - target: {fileID: 985358584179170403, guid: a3e6e7f4eb811440ba4ca341c073e592,
        type: 3}
      propertyPath: m_LocalPosition.y
      value: 0
      objectReference: {fileID: 0}
    - target: {fileID: 985358584179170403, guid: a3e6e7f4eb811440ba4ca341c073e592,
        type: 3}
      propertyPath: m_LocalPosition.z
      value: 3.5
      objectReference: {fileID: 0}
    - target: {fileID: 985358584179170403, guid: a3e6e7f4eb811440ba4ca341c073e592,
        type: 3}
      propertyPath: m_LocalRotation.x
      value: -0
      objectReference: {fileID: 0}
    - target: {fileID: 985358584179170403, guid: a3e6e7f4eb811440ba4ca341c073e592,
        type: 3}
      propertyPath: m_LocalRotation.y
      value: -0
      objectReference: {fileID: 0}
    - target: {fileID: 985358584179170403, guid: a3e6e7f4eb811440ba4ca341c073e592,
        type: 3}
      propertyPath: m_LocalRotation.z
      value: -0
      objectReference: {fileID: 0}
    - target: {fileID: 985358584179170403, guid: a3e6e7f4eb811440ba4ca341c073e592,
        type: 3}
      propertyPath: m_LocalRotation.w
      value: 1
      objectReference: {fileID: 0}
    - target: {fileID: 985358584179170403, guid: a3e6e7f4eb811440ba4ca341c073e592,
        type: 3}
      propertyPath: m_RootOrder
      value: 18
      objectReference: {fileID: 0}
    - target: {fileID: 985358584179170403, guid: a3e6e7f4eb811440ba4ca341c073e592,
        type: 3}
      propertyPath: m_LocalEulerAnglesHint.x
      value: 0
      objectReference: {fileID: 0}
    - target: {fileID: 985358584179170403, guid: a3e6e7f4eb811440ba4ca341c073e592,
        type: 3}
      propertyPath: m_LocalEulerAnglesHint.y
      value: 0
      objectReference: {fileID: 0}
    - target: {fileID: 985358584179170403, guid: a3e6e7f4eb811440ba4ca341c073e592,
        type: 3}
      propertyPath: m_LocalEulerAnglesHint.z
      value: 0
      objectReference: {fileID: 0}
    - target: {fileID: 4483092260311038762, guid: a3e6e7f4eb811440ba4ca341c073e592,
        type: 3}
      propertyPath: m_Radius
      value: 3
      objectReference: {fileID: 0}
    - target: {fileID: 5617087542540443430, guid: a3e6e7f4eb811440ba4ca341c073e592,
        type: 3}
      propertyPath: m_textInfo.characterCount
      value: 1
      objectReference: {fileID: 0}
    - target: {fileID: 5617087542540443430, guid: a3e6e7f4eb811440ba4ca341c073e592,
        type: 3}
      propertyPath: m_textInfo.wordCount
      value: 1
      objectReference: {fileID: 0}
    - target: {fileID: 5617087542540443430, guid: a3e6e7f4eb811440ba4ca341c073e592,
        type: 3}
      propertyPath: m_textInfo.lineCount
      value: 1
      objectReference: {fileID: 0}
    - target: {fileID: 5617087542540443430, guid: a3e6e7f4eb811440ba4ca341c073e592,
        type: 3}
      propertyPath: m_textInfo.pageCount
      value: 1
      objectReference: {fileID: 0}
    - target: {fileID: 8066983072024732996, guid: a3e6e7f4eb811440ba4ca341c073e592,
        type: 3}
      propertyPath: maxMinions
      value: 4
      objectReference: {fileID: 0}
    - target: {fileID: 8487119348351840658, guid: a3e6e7f4eb811440ba4ca341c073e592,
        type: 3}
      propertyPath: m_LocalScale.y
      value: 0.5
      objectReference: {fileID: 0}
    - target: {fileID: 8784336022682508317, guid: a3e6e7f4eb811440ba4ca341c073e592,
        type: 3}
      propertyPath: m_Enabled
      value: 1
      objectReference: {fileID: 0}
    m_RemovedComponents: []
  m_SourcePrefab: {fileID: 100100000, guid: a3e6e7f4eb811440ba4ca341c073e592, type: 3}
--- !u!4 &1425771224929890988 stripped
Transform:
  m_CorrespondingSourceObject: {fileID: 985358584179170403, guid: a3e6e7f4eb811440ba4ca341c073e592,
    type: 3}
  m_PrefabInstance: {fileID: 2190413020302864079}
  m_PrefabAsset: {fileID: 0}
--- !u!1001 &4282954441876599703
PrefabInstance:
  m_ObjectHideFlags: 0
  serializedVersion: 2
  m_Modification:
    m_TransformParent: {fileID: 6314149889464681032}
    m_Modifications:
    - target: {fileID: 976247727577372115, guid: 6ecacf3c72bc846cbad60b3aef877d92,
        type: 3}
      propertyPath: m_ConnectedAnchor.x
      value: 0.010083913
      objectReference: {fileID: 0}
    - target: {fileID: 1833515512106974859, guid: 6ecacf3c72bc846cbad60b3aef877d92,
        type: 3}
      propertyPath: m_ConnectedAnchor.x
      value: -0.000000020720964
      objectReference: {fileID: 0}
    - target: {fileID: 1833515512106974859, guid: 6ecacf3c72bc846cbad60b3aef877d92,
        type: 3}
      propertyPath: m_ConnectedAnchor.y
      value: 0.01991561
      objectReference: {fileID: 0}
    - target: {fileID: 1833515512106974859, guid: 6ecacf3c72bc846cbad60b3aef877d92,
        type: 3}
      propertyPath: m_ConnectedAnchor.z
      value: -0.0001899768
      objectReference: {fileID: 0}
    - target: {fileID: 2039605959890535338, guid: 6ecacf3c72bc846cbad60b3aef877d92,
        type: 3}
      propertyPath: m_ConnectedAnchor.x
      value: -0.000000012805685
      objectReference: {fileID: 0}
    - target: {fileID: 2039605959890535338, guid: 6ecacf3c72bc846cbad60b3aef877d92,
        type: 3}
      propertyPath: m_ConnectedAnchor.y
      value: 0.0104372315
      objectReference: {fileID: 0}
    - target: {fileID: 2039605959890535338, guid: 6ecacf3c72bc846cbad60b3aef877d92,
        type: 3}
      propertyPath: m_ConnectedAnchor.z
      value: 0.0000000013969841
      objectReference: {fileID: 0}
    - target: {fileID: 2149941187803817156, guid: 6ecacf3c72bc846cbad60b3aef877d92,
        type: 3}
      propertyPath: m_ConnectedAnchor.x
      value: -0.010083908
      objectReference: {fileID: 0}
    - target: {fileID: 2149941187803817156, guid: 6ecacf3c72bc846cbad60b3aef877d92,
        type: 3}
      propertyPath: m_ConnectedAnchor.y
      value: 0.011373546
      objectReference: {fileID: 0}
    - target: {fileID: 2149941187803817156, guid: 6ecacf3c72bc846cbad60b3aef877d92,
        type: 3}
      propertyPath: m_ConnectedAnchor.z
      value: -0.0012420164
      objectReference: {fileID: 0}
    - target: {fileID: 2463229463840918225, guid: 6ecacf3c72bc846cbad60b3aef877d92,
        type: 3}
      propertyPath: m_ConnectedAnchor.x
      value: -0.000000018904917
      objectReference: {fileID: 0}
    - target: {fileID: 2463229463840918225, guid: 6ecacf3c72bc846cbad60b3aef877d92,
        type: 3}
      propertyPath: m_ConnectedAnchor.y
      value: 0.024322286
      objectReference: {fileID: 0}
    - target: {fileID: 2463229463840918225, guid: 6ecacf3c72bc846cbad60b3aef877d92,
        type: 3}
      propertyPath: m_ConnectedAnchor.z
      value: -0.0018553028
      objectReference: {fileID: 0}
    - target: {fileID: 2729504516901920947, guid: 6ecacf3c72bc846cbad60b3aef877d92,
        type: 3}
      propertyPath: m_ConnectedAnchor.x
      value: -0.000000023923377
      objectReference: {fileID: 0}
    - target: {fileID: 2729504516901920947, guid: 6ecacf3c72bc846cbad60b3aef877d92,
        type: 3}
      propertyPath: m_ConnectedAnchor.y
      value: 0.021108394
      objectReference: {fileID: 0}
    - target: {fileID: 2729504516901920947, guid: 6ecacf3c72bc846cbad60b3aef877d92,
        type: 3}
      propertyPath: m_ConnectedAnchor.z
      value: 0.0000000072180133
      objectReference: {fileID: 0}
    - target: {fileID: 3720637679887865669, guid: 6ecacf3c72bc846cbad60b3aef877d92,
        type: 3}
      propertyPath: m_ConnectedAnchor.x
      value: -0.007702953
      objectReference: {fileID: 0}
    - target: {fileID: 3720637679887865669, guid: 6ecacf3c72bc846cbad60b3aef877d92,
        type: 3}
      propertyPath: m_ConnectedAnchor.y
      value: 0.001997248
      objectReference: {fileID: 0}
    - target: {fileID: 3720637679887865669, guid: 6ecacf3c72bc846cbad60b3aef877d92,
        type: 3}
      propertyPath: m_ConnectedAnchor.z
      value: -0.0018432804
      objectReference: {fileID: 0}
    - target: {fileID: 5165113734897721344, guid: 6ecacf3c72bc846cbad60b3aef877d92,
        type: 3}
      propertyPath: m_ConnectedAnchor.x
      value: -0.0000000035797754
      objectReference: {fileID: 0}
    - target: {fileID: 5165113734897721344, guid: 6ecacf3c72bc846cbad60b3aef877d92,
        type: 3}
      propertyPath: m_ConnectedAnchor.y
      value: 0.021108396
      objectReference: {fileID: 0}
    - target: {fileID: 5165113734897721344, guid: 6ecacf3c72bc846cbad60b3aef877d92,
        type: 3}
      propertyPath: m_ConnectedAnchor.z
      value: -0.00000001536738
      objectReference: {fileID: 0}
    - target: {fileID: 5552689699486816143, guid: 6ecacf3c72bc846cbad60b3aef877d92,
        type: 3}
      propertyPath: m_Name
      value: Squad (3)
      objectReference: {fileID: 0}
    - target: {fileID: 5552689699487108079, guid: 6ecacf3c72bc846cbad60b3aef877d92,
        type: 3}
      propertyPath: m_LocalPosition.x
      value: -4.5
      objectReference: {fileID: 0}
    - target: {fileID: 5552689699487108079, guid: 6ecacf3c72bc846cbad60b3aef877d92,
        type: 3}
      propertyPath: m_LocalPosition.y
      value: 0
      objectReference: {fileID: 0}
    - target: {fileID: 5552689699487108079, guid: 6ecacf3c72bc846cbad60b3aef877d92,
        type: 3}
      propertyPath: m_LocalPosition.z
      value: -3
      objectReference: {fileID: 0}
    - target: {fileID: 5552689699487108079, guid: 6ecacf3c72bc846cbad60b3aef877d92,
        type: 3}
      propertyPath: m_LocalRotation.x
      value: -0
      objectReference: {fileID: 0}
    - target: {fileID: 5552689699487108079, guid: 6ecacf3c72bc846cbad60b3aef877d92,
        type: 3}
      propertyPath: m_LocalRotation.y
      value: 0.9998631
      objectReference: {fileID: 0}
    - target: {fileID: 5552689699487108079, guid: 6ecacf3c72bc846cbad60b3aef877d92,
        type: 3}
      propertyPath: m_LocalRotation.z
      value: -0
      objectReference: {fileID: 0}
    - target: {fileID: 5552689699487108079, guid: 6ecacf3c72bc846cbad60b3aef877d92,
        type: 3}
      propertyPath: m_LocalRotation.w
      value: -0.016546931
      objectReference: {fileID: 0}
    - target: {fileID: 5552689699487108079, guid: 6ecacf3c72bc846cbad60b3aef877d92,
        type: 3}
      propertyPath: m_RootOrder
      value: 14
      objectReference: {fileID: 0}
    - target: {fileID: 5552689699487108079, guid: 6ecacf3c72bc846cbad60b3aef877d92,
        type: 3}
      propertyPath: m_LocalEulerAnglesHint.x
      value: 0
      objectReference: {fileID: 0}
    - target: {fileID: 5552689699487108079, guid: 6ecacf3c72bc846cbad60b3aef877d92,
        type: 3}
      propertyPath: m_LocalEulerAnglesHint.y
      value: 181.896
      objectReference: {fileID: 0}
    - target: {fileID: 5552689699487108079, guid: 6ecacf3c72bc846cbad60b3aef877d92,
        type: 3}
      propertyPath: m_LocalEulerAnglesHint.z
      value: 0
      objectReference: {fileID: 0}
    - target: {fileID: 5603263287231305689, guid: 6ecacf3c72bc846cbad60b3aef877d92,
        type: 3}
      propertyPath: m_ConnectedAnchor.x
      value: 0.007702917
      objectReference: {fileID: 0}
    - target: {fileID: 5603263287231305689, guid: 6ecacf3c72bc846cbad60b3aef877d92,
        type: 3}
      propertyPath: m_ConnectedAnchor.y
      value: 0.0019972497
      objectReference: {fileID: 0}
    - target: {fileID: 5603263287231305689, guid: 6ecacf3c72bc846cbad60b3aef877d92,
        type: 3}
      propertyPath: m_ConnectedAnchor.z
      value: -0.0018432566
      objectReference: {fileID: 0}
    - target: {fileID: 6568766274593109395, guid: 6ecacf3c72bc846cbad60b3aef877d92,
        type: 3}
      propertyPath: m_ConnectedAnchor.x
      value: 0.000000015133994
      objectReference: {fileID: 0}
    - target: {fileID: 6568766274593109395, guid: 6ecacf3c72bc846cbad60b3aef877d92,
        type: 3}
      propertyPath: m_ConnectedAnchor.y
      value: 0.010437213
      objectReference: {fileID: 0}
    - target: {fileID: 6568766274593109395, guid: 6ecacf3c72bc846cbad60b3aef877d92,
        type: 3}
      propertyPath: m_ConnectedAnchor.z
      value: 0.000000007683412
      objectReference: {fileID: 0}
    m_RemovedComponents: []
  m_SourcePrefab: {fileID: 100100000, guid: 6ecacf3c72bc846cbad60b3aef877d92, type: 3}
--- !u!4 &8538545084106946680 stripped
Transform:
  m_CorrespondingSourceObject: {fileID: 5552689699487108079, guid: 6ecacf3c72bc846cbad60b3aef877d92,
    type: 3}
  m_PrefabInstance: {fileID: 4282954441876599703}
  m_PrefabAsset: {fileID: 0}
--- !u!1001 &5311361938237950355
PrefabInstance:
  m_ObjectHideFlags: 0
  serializedVersion: 2
  m_Modification:
    m_TransformParent: {fileID: 6314149889464681032}
    m_Modifications:
    - target: {fileID: 557168967232209590, guid: a3e6e7f4eb811440ba4ca341c073e592,
        type: 3}
      propertyPath: m_Name
      value: BallBreakableSmall (4)
      objectReference: {fileID: 0}
    - target: {fileID: 557168967232209590, guid: a3e6e7f4eb811440ba4ca341c073e592,
        type: 3}
      propertyPath: m_IsActive
      value: 1
      objectReference: {fileID: 0}
    - target: {fileID: 985358584179170403, guid: a3e6e7f4eb811440ba4ca341c073e592,
        type: 3}
      propertyPath: m_LocalPosition.x
      value: 5
      objectReference: {fileID: 0}
    - target: {fileID: 985358584179170403, guid: a3e6e7f4eb811440ba4ca341c073e592,
        type: 3}
      propertyPath: m_LocalPosition.y
      value: 0
      objectReference: {fileID: 0}
    - target: {fileID: 985358584179170403, guid: a3e6e7f4eb811440ba4ca341c073e592,
        type: 3}
      propertyPath: m_LocalPosition.z
      value: -1
      objectReference: {fileID: 0}
    - target: {fileID: 985358584179170403, guid: a3e6e7f4eb811440ba4ca341c073e592,
        type: 3}
      propertyPath: m_LocalRotation.x
      value: -0
      objectReference: {fileID: 0}
    - target: {fileID: 985358584179170403, guid: a3e6e7f4eb811440ba4ca341c073e592,
        type: 3}
      propertyPath: m_LocalRotation.y
      value: -0
      objectReference: {fileID: 0}
    - target: {fileID: 985358584179170403, guid: a3e6e7f4eb811440ba4ca341c073e592,
        type: 3}
      propertyPath: m_LocalRotation.z
      value: -0
      objectReference: {fileID: 0}
    - target: {fileID: 985358584179170403, guid: a3e6e7f4eb811440ba4ca341c073e592,
        type: 3}
      propertyPath: m_LocalRotation.w
      value: 1
      objectReference: {fileID: 0}
    - target: {fileID: 985358584179170403, guid: a3e6e7f4eb811440ba4ca341c073e592,
        type: 3}
      propertyPath: m_RootOrder
      value: 16
      objectReference: {fileID: 0}
    - target: {fileID: 985358584179170403, guid: a3e6e7f4eb811440ba4ca341c073e592,
        type: 3}
      propertyPath: m_LocalEulerAnglesHint.x
      value: 0
      objectReference: {fileID: 0}
    - target: {fileID: 985358584179170403, guid: a3e6e7f4eb811440ba4ca341c073e592,
        type: 3}
      propertyPath: m_LocalEulerAnglesHint.y
      value: 0
      objectReference: {fileID: 0}
    - target: {fileID: 985358584179170403, guid: a3e6e7f4eb811440ba4ca341c073e592,
        type: 3}
      propertyPath: m_LocalEulerAnglesHint.z
      value: 0
      objectReference: {fileID: 0}
    - target: {fileID: 4483092260311038762, guid: a3e6e7f4eb811440ba4ca341c073e592,
        type: 3}
      propertyPath: m_Radius
      value: 3
      objectReference: {fileID: 0}
    - target: {fileID: 5617087542540443430, guid: a3e6e7f4eb811440ba4ca341c073e592,
        type: 3}
      propertyPath: m_textInfo.characterCount
      value: 1
      objectReference: {fileID: 0}
    - target: {fileID: 5617087542540443430, guid: a3e6e7f4eb811440ba4ca341c073e592,
        type: 3}
      propertyPath: m_textInfo.wordCount
      value: 1
      objectReference: {fileID: 0}
    - target: {fileID: 5617087542540443430, guid: a3e6e7f4eb811440ba4ca341c073e592,
        type: 3}
      propertyPath: m_textInfo.lineCount
      value: 1
      objectReference: {fileID: 0}
    - target: {fileID: 5617087542540443430, guid: a3e6e7f4eb811440ba4ca341c073e592,
        type: 3}
      propertyPath: m_textInfo.pageCount
      value: 1
      objectReference: {fileID: 0}
    - target: {fileID: 8066983072024732996, guid: a3e6e7f4eb811440ba4ca341c073e592,
        type: 3}
      propertyPath: maxMinions
      value: 4
      objectReference: {fileID: 0}
    - target: {fileID: 8487119348351840658, guid: a3e6e7f4eb811440ba4ca341c073e592,
        type: 3}
      propertyPath: m_LocalScale.y
      value: 0.5
      objectReference: {fileID: 0}
    - target: {fileID: 8784336022682508317, guid: a3e6e7f4eb811440ba4ca341c073e592,
        type: 3}
      propertyPath: m_Enabled
      value: 1
      objectReference: {fileID: 0}
    m_RemovedComponents: []
  m_SourcePrefab: {fileID: 100100000, guid: a3e6e7f4eb811440ba4ca341c073e592, type: 3}
--- !u!4 &4906968540295566832 stripped
Transform:
  m_CorrespondingSourceObject: {fileID: 985358584179170403, guid: a3e6e7f4eb811440ba4ca341c073e592,
    type: 3}
  m_PrefabInstance: {fileID: 5311361938237950355}
  m_PrefabAsset: {fileID: 0}
--- !u!1001 &6314149887905715865
PrefabInstance:
  m_ObjectHideFlags: 0
  serializedVersion: 2
  m_Modification:
    m_TransformParent: {fileID: 6314149889464681032}
    m_Modifications:
    - target: {fileID: 2201959670033678511, guid: 9a5f761746793419e8ccd15e1c9ce26c,
        type: 3}
      propertyPath: m_LocalPosition.x
      value: 0
      objectReference: {fileID: 0}
    - target: {fileID: 2201959670033678511, guid: 9a5f761746793419e8ccd15e1c9ce26c,
        type: 3}
      propertyPath: m_LocalPosition.y
      value: 0
      objectReference: {fileID: 0}
    - target: {fileID: 2201959670033678511, guid: 9a5f761746793419e8ccd15e1c9ce26c,
        type: 3}
      propertyPath: m_LocalPosition.z
      value: -6
      objectReference: {fileID: 0}
    - target: {fileID: 2201959670033678511, guid: 9a5f761746793419e8ccd15e1c9ce26c,
        type: 3}
      propertyPath: m_LocalRotation.x
      value: -0
      objectReference: {fileID: 0}
    - target: {fileID: 2201959670033678511, guid: 9a5f761746793419e8ccd15e1c9ce26c,
        type: 3}
      propertyPath: m_LocalRotation.y
      value: -0
      objectReference: {fileID: 0}
    - target: {fileID: 2201959670033678511, guid: 9a5f761746793419e8ccd15e1c9ce26c,
        type: 3}
      propertyPath: m_LocalRotation.z
      value: -0
      objectReference: {fileID: 0}
    - target: {fileID: 2201959670033678511, guid: 9a5f761746793419e8ccd15e1c9ce26c,
        type: 3}
      propertyPath: m_LocalRotation.w
      value: 1
      objectReference: {fileID: 0}
    - target: {fileID: 2201959670033678511, guid: 9a5f761746793419e8ccd15e1c9ce26c,
        type: 3}
      propertyPath: m_RootOrder
      value: 7
      objectReference: {fileID: 0}
    - target: {fileID: 2201959670033678511, guid: 9a5f761746793419e8ccd15e1c9ce26c,
        type: 3}
      propertyPath: m_LocalEulerAnglesHint.x
      value: 0
      objectReference: {fileID: 0}
    - target: {fileID: 2201959670033678511, guid: 9a5f761746793419e8ccd15e1c9ce26c,
        type: 3}
      propertyPath: m_LocalEulerAnglesHint.y
      value: 0
      objectReference: {fileID: 0}
    - target: {fileID: 2201959670033678511, guid: 9a5f761746793419e8ccd15e1c9ce26c,
        type: 3}
      propertyPath: m_LocalEulerAnglesHint.z
      value: 0
      objectReference: {fileID: 0}
    - target: {fileID: 6384997738684674516, guid: 9a5f761746793419e8ccd15e1c9ce26c,
        type: 3}
      propertyPath: m_Name
      value: Cube4x4 (14)
      objectReference: {fileID: 0}
    m_RemovedComponents: []
  m_SourcePrefab: {fileID: 100100000, guid: 9a5f761746793419e8ccd15e1c9ce26c, type: 3}
--- !u!4 &5273349549210555958 stripped
Transform:
  m_CorrespondingSourceObject: {fileID: 2201959670033678511, guid: 9a5f761746793419e8ccd15e1c9ce26c,
    type: 3}
  m_PrefabInstance: {fileID: 6314149887905715865}
  m_PrefabAsset: {fileID: 0}
--- !u!1001 &6314149887964235627
PrefabInstance:
  m_ObjectHideFlags: 0
  serializedVersion: 2
  m_Modification:
    m_TransformParent: {fileID: 6314149889464681032}
    m_Modifications:
    - target: {fileID: 2201959670033678511, guid: 9a5f761746793419e8ccd15e1c9ce26c,
        type: 3}
      propertyPath: m_LocalPosition.x
      value: 0
      objectReference: {fileID: 0}
    - target: {fileID: 2201959670033678511, guid: 9a5f761746793419e8ccd15e1c9ce26c,
        type: 3}
      propertyPath: m_LocalPosition.y
      value: 0
      objectReference: {fileID: 0}
    - target: {fileID: 2201959670033678511, guid: 9a5f761746793419e8ccd15e1c9ce26c,
        type: 3}
      propertyPath: m_LocalPosition.z
      value: 2
      objectReference: {fileID: 0}
    - target: {fileID: 2201959670033678511, guid: 9a5f761746793419e8ccd15e1c9ce26c,
        type: 3}
      propertyPath: m_LocalRotation.x
      value: -0
      objectReference: {fileID: 0}
    - target: {fileID: 2201959670033678511, guid: 9a5f761746793419e8ccd15e1c9ce26c,
        type: 3}
      propertyPath: m_LocalRotation.y
      value: -0
      objectReference: {fileID: 0}
    - target: {fileID: 2201959670033678511, guid: 9a5f761746793419e8ccd15e1c9ce26c,
        type: 3}
      propertyPath: m_LocalRotation.z
      value: -0
      objectReference: {fileID: 0}
    - target: {fileID: 2201959670033678511, guid: 9a5f761746793419e8ccd15e1c9ce26c,
        type: 3}
      propertyPath: m_LocalRotation.w
      value: 1
      objectReference: {fileID: 0}
    - target: {fileID: 2201959670033678511, guid: 9a5f761746793419e8ccd15e1c9ce26c,
        type: 3}
      propertyPath: m_RootOrder
      value: 3
      objectReference: {fileID: 0}
    - target: {fileID: 2201959670033678511, guid: 9a5f761746793419e8ccd15e1c9ce26c,
        type: 3}
      propertyPath: m_LocalEulerAnglesHint.x
      value: 0
      objectReference: {fileID: 0}
    - target: {fileID: 2201959670033678511, guid: 9a5f761746793419e8ccd15e1c9ce26c,
        type: 3}
      propertyPath: m_LocalEulerAnglesHint.y
      value: 0
      objectReference: {fileID: 0}
    - target: {fileID: 2201959670033678511, guid: 9a5f761746793419e8ccd15e1c9ce26c,
        type: 3}
      propertyPath: m_LocalEulerAnglesHint.z
      value: 0
      objectReference: {fileID: 0}
    - target: {fileID: 6384997738684674516, guid: 9a5f761746793419e8ccd15e1c9ce26c,
        type: 3}
      propertyPath: m_Name
      value: Cube4x4 (7)
      objectReference: {fileID: 0}
    m_RemovedComponents: []
  m_SourcePrefab: {fileID: 100100000, guid: 9a5f761746793419e8ccd15e1c9ce26c, type: 3}
--- !u!4 &5273349549404342212 stripped
Transform:
  m_CorrespondingSourceObject: {fileID: 2201959670033678511, guid: 9a5f761746793419e8ccd15e1c9ce26c,
    type: 3}
  m_PrefabInstance: {fileID: 6314149887964235627}
  m_PrefabAsset: {fileID: 0}
--- !u!1001 &6314149888098568033
PrefabInstance:
  m_ObjectHideFlags: 0
  serializedVersion: 2
  m_Modification:
    m_TransformParent: {fileID: 6314149889464681032}
    m_Modifications:
    - target: {fileID: 2201959670033678511, guid: 9a5f761746793419e8ccd15e1c9ce26c,
        type: 3}
      propertyPath: m_LocalPosition.x
      value: 0
      objectReference: {fileID: 0}
    - target: {fileID: 2201959670033678511, guid: 9a5f761746793419e8ccd15e1c9ce26c,
        type: 3}
      propertyPath: m_LocalPosition.y
      value: 0
      objectReference: {fileID: 0}
    - target: {fileID: 2201959670033678511, guid: 9a5f761746793419e8ccd15e1c9ce26c,
        type: 3}
      propertyPath: m_LocalPosition.z
      value: 6
      objectReference: {fileID: 0}
    - target: {fileID: 2201959670033678511, guid: 9a5f761746793419e8ccd15e1c9ce26c,
        type: 3}
      propertyPath: m_LocalRotation.x
      value: -0
      objectReference: {fileID: 0}
    - target: {fileID: 2201959670033678511, guid: 9a5f761746793419e8ccd15e1c9ce26c,
        type: 3}
      propertyPath: m_LocalRotation.y
      value: -0
      objectReference: {fileID: 0}
    - target: {fileID: 2201959670033678511, guid: 9a5f761746793419e8ccd15e1c9ce26c,
        type: 3}
      propertyPath: m_LocalRotation.z
      value: -0
      objectReference: {fileID: 0}
    - target: {fileID: 2201959670033678511, guid: 9a5f761746793419e8ccd15e1c9ce26c,
        type: 3}
      propertyPath: m_LocalRotation.w
      value: 1
      objectReference: {fileID: 0}
    - target: {fileID: 2201959670033678511, guid: 9a5f761746793419e8ccd15e1c9ce26c,
        type: 3}
      propertyPath: m_RootOrder
      value: 0
      objectReference: {fileID: 0}
    - target: {fileID: 2201959670033678511, guid: 9a5f761746793419e8ccd15e1c9ce26c,
        type: 3}
      propertyPath: m_LocalEulerAnglesHint.x
      value: 0
      objectReference: {fileID: 0}
    - target: {fileID: 2201959670033678511, guid: 9a5f761746793419e8ccd15e1c9ce26c,
        type: 3}
      propertyPath: m_LocalEulerAnglesHint.y
      value: 0
      objectReference: {fileID: 0}
    - target: {fileID: 2201959670033678511, guid: 9a5f761746793419e8ccd15e1c9ce26c,
        type: 3}
      propertyPath: m_LocalEulerAnglesHint.z
      value: 0
      objectReference: {fileID: 0}
    - target: {fileID: 6384997738684674516, guid: 9a5f761746793419e8ccd15e1c9ce26c,
        type: 3}
      propertyPath: m_Name
      value: End
      objectReference: {fileID: 0}
    m_RemovedComponents: []
  m_SourcePrefab: {fileID: 100100000, guid: 9a5f761746793419e8ccd15e1c9ce26c, type: 3}
--- !u!4 &5273349549537626062 stripped
Transform:
  m_CorrespondingSourceObject: {fileID: 2201959670033678511, guid: 9a5f761746793419e8ccd15e1c9ce26c,
    type: 3}
  m_PrefabInstance: {fileID: 6314149888098568033}
  m_PrefabAsset: {fileID: 0}
--- !u!1001 &6314149888110938230
PrefabInstance:
  m_ObjectHideFlags: 0
  serializedVersion: 2
  m_Modification:
    m_TransformParent: {fileID: 6314149889464681032}
    m_Modifications:
    - target: {fileID: 2201959670033678511, guid: 9a5f761746793419e8ccd15e1c9ce26c,
        type: 3}
      propertyPath: m_LocalPosition.x
      value: -4
      objectReference: {fileID: 0}
    - target: {fileID: 2201959670033678511, guid: 9a5f761746793419e8ccd15e1c9ce26c,
        type: 3}
      propertyPath: m_LocalPosition.y
      value: 0
      objectReference: {fileID: 0}
    - target: {fileID: 2201959670033678511, guid: 9a5f761746793419e8ccd15e1c9ce26c,
        type: 3}
      propertyPath: m_LocalPosition.z
      value: 2
      objectReference: {fileID: 0}
    - target: {fileID: 2201959670033678511, guid: 9a5f761746793419e8ccd15e1c9ce26c,
        type: 3}
      propertyPath: m_LocalRotation.x
      value: -0
      objectReference: {fileID: 0}
    - target: {fileID: 2201959670033678511, guid: 9a5f761746793419e8ccd15e1c9ce26c,
        type: 3}
      propertyPath: m_LocalRotation.y
      value: -0
      objectReference: {fileID: 0}
    - target: {fileID: 2201959670033678511, guid: 9a5f761746793419e8ccd15e1c9ce26c,
        type: 3}
      propertyPath: m_LocalRotation.z
      value: -0
      objectReference: {fileID: 0}
    - target: {fileID: 2201959670033678511, guid: 9a5f761746793419e8ccd15e1c9ce26c,
        type: 3}
      propertyPath: m_LocalRotation.w
      value: 1
      objectReference: {fileID: 0}
    - target: {fileID: 2201959670033678511, guid: 9a5f761746793419e8ccd15e1c9ce26c,
        type: 3}
      propertyPath: m_RootOrder
      value: 2
      objectReference: {fileID: 0}
    - target: {fileID: 2201959670033678511, guid: 9a5f761746793419e8ccd15e1c9ce26c,
        type: 3}
      propertyPath: m_LocalEulerAnglesHint.x
      value: 0
      objectReference: {fileID: 0}
    - target: {fileID: 2201959670033678511, guid: 9a5f761746793419e8ccd15e1c9ce26c,
        type: 3}
      propertyPath: m_LocalEulerAnglesHint.y
      value: 0
      objectReference: {fileID: 0}
    - target: {fileID: 2201959670033678511, guid: 9a5f761746793419e8ccd15e1c9ce26c,
        type: 3}
      propertyPath: m_LocalEulerAnglesHint.z
      value: 0
      objectReference: {fileID: 0}
    - target: {fileID: 6384997738684674516, guid: 9a5f761746793419e8ccd15e1c9ce26c,
        type: 3}
      propertyPath: m_Name
      value: Cube4x4 (8)
      objectReference: {fileID: 0}
    m_RemovedComponents: []
  m_SourcePrefab: {fileID: 100100000, guid: 9a5f761746793419e8ccd15e1c9ce26c, type: 3}
--- !u!4 &5273349549551044825 stripped
Transform:
  m_CorrespondingSourceObject: {fileID: 2201959670033678511, guid: 9a5f761746793419e8ccd15e1c9ce26c,
    type: 3}
  m_PrefabInstance: {fileID: 6314149888110938230}
  m_PrefabAsset: {fileID: 0}
--- !u!1001 &6314149888300709643
PrefabInstance:
  m_ObjectHideFlags: 0
  serializedVersion: 2
  m_Modification:
    m_TransformParent: {fileID: 6314149889464681032}
    m_Modifications:
    - target: {fileID: 2201959670033678511, guid: 9a5f761746793419e8ccd15e1c9ce26c,
        type: 3}
      propertyPath: m_LocalPosition.x
      value: -4
      objectReference: {fileID: 0}
    - target: {fileID: 2201959670033678511, guid: 9a5f761746793419e8ccd15e1c9ce26c,
        type: 3}
      propertyPath: m_LocalPosition.y
      value: 0
      objectReference: {fileID: 0}
    - target: {fileID: 2201959670033678511, guid: 9a5f761746793419e8ccd15e1c9ce26c,
        type: 3}
      propertyPath: m_LocalPosition.z
      value: -6
      objectReference: {fileID: 0}
    - target: {fileID: 2201959670033678511, guid: 9a5f761746793419e8ccd15e1c9ce26c,
        type: 3}
      propertyPath: m_LocalRotation.x
      value: -0
      objectReference: {fileID: 0}
    - target: {fileID: 2201959670033678511, guid: 9a5f761746793419e8ccd15e1c9ce26c,
        type: 3}
      propertyPath: m_LocalRotation.y
      value: -0
      objectReference: {fileID: 0}
    - target: {fileID: 2201959670033678511, guid: 9a5f761746793419e8ccd15e1c9ce26c,
        type: 3}
      propertyPath: m_LocalRotation.z
      value: -0
      objectReference: {fileID: 0}
    - target: {fileID: 2201959670033678511, guid: 9a5f761746793419e8ccd15e1c9ce26c,
        type: 3}
      propertyPath: m_LocalRotation.w
      value: 1
      objectReference: {fileID: 0}
    - target: {fileID: 2201959670033678511, guid: 9a5f761746793419e8ccd15e1c9ce26c,
        type: 3}
      propertyPath: m_RootOrder
      value: 6
      objectReference: {fileID: 0}
    - target: {fileID: 2201959670033678511, guid: 9a5f761746793419e8ccd15e1c9ce26c,
        type: 3}
      propertyPath: m_LocalEulerAnglesHint.x
      value: 0
      objectReference: {fileID: 0}
    - target: {fileID: 2201959670033678511, guid: 9a5f761746793419e8ccd15e1c9ce26c,
        type: 3}
      propertyPath: m_LocalEulerAnglesHint.y
      value: 0
      objectReference: {fileID: 0}
    - target: {fileID: 2201959670033678511, guid: 9a5f761746793419e8ccd15e1c9ce26c,
        type: 3}
      propertyPath: m_LocalEulerAnglesHint.z
      value: 0
      objectReference: {fileID: 0}
    - target: {fileID: 6384997738684674516, guid: 9a5f761746793419e8ccd15e1c9ce26c,
        type: 3}
      propertyPath: m_Name
      value: Cube4x4 (13)
      objectReference: {fileID: 0}
    m_RemovedComponents: []
  m_SourcePrefab: {fileID: 100100000, guid: 9a5f761746793419e8ccd15e1c9ce26c, type: 3}
--- !u!4 &5273349549604501412 stripped
Transform:
  m_CorrespondingSourceObject: {fileID: 2201959670033678511, guid: 9a5f761746793419e8ccd15e1c9ce26c,
    type: 3}
  m_PrefabInstance: {fileID: 6314149888300709643}
  m_PrefabAsset: {fileID: 0}
--- !u!1001 &6314149888405831335
PrefabInstance:
  m_ObjectHideFlags: 0
  serializedVersion: 2
  m_Modification:
    m_TransformParent: {fileID: 6314149889464681032}
    m_Modifications:
    - target: {fileID: 2201959670033678511, guid: 9a5f761746793419e8ccd15e1c9ce26c,
        type: 3}
      propertyPath: m_LocalPosition.x
      value: 4
      objectReference: {fileID: 0}
    - target: {fileID: 2201959670033678511, guid: 9a5f761746793419e8ccd15e1c9ce26c,
        type: 3}
      propertyPath: m_LocalPosition.y
      value: 0
      objectReference: {fileID: 0}
    - target: {fileID: 2201959670033678511, guid: 9a5f761746793419e8ccd15e1c9ce26c,
        type: 3}
      propertyPath: m_LocalPosition.z
      value: -6
      objectReference: {fileID: 0}
    - target: {fileID: 2201959670033678511, guid: 9a5f761746793419e8ccd15e1c9ce26c,
        type: 3}
      propertyPath: m_LocalRotation.x
      value: -0
      objectReference: {fileID: 0}
    - target: {fileID: 2201959670033678511, guid: 9a5f761746793419e8ccd15e1c9ce26c,
        type: 3}
      propertyPath: m_LocalRotation.y
      value: -0
      objectReference: {fileID: 0}
    - target: {fileID: 2201959670033678511, guid: 9a5f761746793419e8ccd15e1c9ce26c,
        type: 3}
      propertyPath: m_LocalRotation.z
      value: -0
      objectReference: {fileID: 0}
    - target: {fileID: 2201959670033678511, guid: 9a5f761746793419e8ccd15e1c9ce26c,
        type: 3}
      propertyPath: m_LocalRotation.w
      value: 1
      objectReference: {fileID: 0}
    - target: {fileID: 2201959670033678511, guid: 9a5f761746793419e8ccd15e1c9ce26c,
        type: 3}
      propertyPath: m_RootOrder
      value: 8
      objectReference: {fileID: 0}
    - target: {fileID: 2201959670033678511, guid: 9a5f761746793419e8ccd15e1c9ce26c,
        type: 3}
      propertyPath: m_LocalEulerAnglesHint.x
      value: 0
      objectReference: {fileID: 0}
    - target: {fileID: 2201959670033678511, guid: 9a5f761746793419e8ccd15e1c9ce26c,
        type: 3}
      propertyPath: m_LocalEulerAnglesHint.y
      value: 0
      objectReference: {fileID: 0}
    - target: {fileID: 2201959670033678511, guid: 9a5f761746793419e8ccd15e1c9ce26c,
        type: 3}
      propertyPath: m_LocalEulerAnglesHint.z
      value: 0
      objectReference: {fileID: 0}
    - target: {fileID: 6384997738684674516, guid: 9a5f761746793419e8ccd15e1c9ce26c,
        type: 3}
      propertyPath: m_Name
      value: Cube4x4 (15)
      objectReference: {fileID: 0}
    m_RemovedComponents: []
  m_SourcePrefab: {fileID: 100100000, guid: 9a5f761746793419e8ccd15e1c9ce26c, type: 3}
--- !u!4 &5273349549779877384 stripped
Transform:
  m_CorrespondingSourceObject: {fileID: 2201959670033678511, guid: 9a5f761746793419e8ccd15e1c9ce26c,
    type: 3}
  m_PrefabInstance: {fileID: 6314149888405831335}
  m_PrefabAsset: {fileID: 0}
--- !u!1001 &6314149888702567626
PrefabInstance:
  m_ObjectHideFlags: 0
  serializedVersion: 2
  m_Modification:
    m_TransformParent: {fileID: 6314149889464681032}
    m_Modifications:
    - target: {fileID: 2201959670033678511, guid: 9a5f761746793419e8ccd15e1c9ce26c,
        type: 3}
      propertyPath: m_LocalPosition.x
      value: -4
      objectReference: {fileID: 0}
    - target: {fileID: 2201959670033678511, guid: 9a5f761746793419e8ccd15e1c9ce26c,
        type: 3}
      propertyPath: m_LocalPosition.y
      value: 0
      objectReference: {fileID: 0}
    - target: {fileID: 2201959670033678511, guid: 9a5f761746793419e8ccd15e1c9ce26c,
        type: 3}
      propertyPath: m_LocalPosition.z
      value: -2
      objectReference: {fileID: 0}
    - target: {fileID: 2201959670033678511, guid: 9a5f761746793419e8ccd15e1c9ce26c,
        type: 3}
      propertyPath: m_LocalRotation.x
      value: -0
      objectReference: {fileID: 0}
    - target: {fileID: 2201959670033678511, guid: 9a5f761746793419e8ccd15e1c9ce26c,
        type: 3}
      propertyPath: m_LocalRotation.y
      value: -0
      objectReference: {fileID: 0}
    - target: {fileID: 2201959670033678511, guid: 9a5f761746793419e8ccd15e1c9ce26c,
        type: 3}
      propertyPath: m_LocalRotation.z
      value: -0
      objectReference: {fileID: 0}
    - target: {fileID: 2201959670033678511, guid: 9a5f761746793419e8ccd15e1c9ce26c,
        type: 3}
      propertyPath: m_LocalRotation.w
      value: 1
      objectReference: {fileID: 0}
    - target: {fileID: 2201959670033678511, guid: 9a5f761746793419e8ccd15e1c9ce26c,
        type: 3}
      propertyPath: m_RootOrder
      value: 4
      objectReference: {fileID: 0}
    - target: {fileID: 2201959670033678511, guid: 9a5f761746793419e8ccd15e1c9ce26c,
        type: 3}
      propertyPath: m_LocalEulerAnglesHint.x
      value: 0
      objectReference: {fileID: 0}
    - target: {fileID: 2201959670033678511, guid: 9a5f761746793419e8ccd15e1c9ce26c,
        type: 3}
      propertyPath: m_LocalEulerAnglesHint.y
      value: 0
      objectReference: {fileID: 0}
    - target: {fileID: 2201959670033678511, guid: 9a5f761746793419e8ccd15e1c9ce26c,
        type: 3}
      propertyPath: m_LocalEulerAnglesHint.z
      value: 0
      objectReference: {fileID: 0}
    - target: {fileID: 6384997738684674516, guid: 9a5f761746793419e8ccd15e1c9ce26c,
        type: 3}
      propertyPath: m_Name
      value: Cube4x4 (10)
      objectReference: {fileID: 0}
    m_RemovedComponents: []
  m_SourcePrefab: {fileID: 100100000, guid: 9a5f761746793419e8ccd15e1c9ce26c, type: 3}
--- !u!4 &5273349550007407717 stripped
Transform:
  m_CorrespondingSourceObject: {fileID: 2201959670033678511, guid: 9a5f761746793419e8ccd15e1c9ce26c,
    type: 3}
  m_PrefabInstance: {fileID: 6314149888702567626}
  m_PrefabAsset: {fileID: 0}
--- !u!1001 &6314149889126849073
PrefabInstance:
  m_ObjectHideFlags: 0
  serializedVersion: 2
  m_Modification:
    m_TransformParent: {fileID: 6314149889464681032}
    m_Modifications:
    - target: {fileID: 2201959670033678511, guid: 9a5f761746793419e8ccd15e1c9ce26c,
        type: 3}
      propertyPath: m_LocalPosition.x
      value: 4
      objectReference: {fileID: 0}
    - target: {fileID: 2201959670033678511, guid: 9a5f761746793419e8ccd15e1c9ce26c,
        type: 3}
      propertyPath: m_LocalPosition.y
      value: 0
      objectReference: {fileID: 0}
    - target: {fileID: 2201959670033678511, guid: 9a5f761746793419e8ccd15e1c9ce26c,
        type: 3}
      propertyPath: m_LocalPosition.z
      value: 2
      objectReference: {fileID: 0}
    - target: {fileID: 2201959670033678511, guid: 9a5f761746793419e8ccd15e1c9ce26c,
        type: 3}
      propertyPath: m_LocalRotation.x
      value: -0
      objectReference: {fileID: 0}
    - target: {fileID: 2201959670033678511, guid: 9a5f761746793419e8ccd15e1c9ce26c,
        type: 3}
      propertyPath: m_LocalRotation.y
      value: -0
      objectReference: {fileID: 0}
    - target: {fileID: 2201959670033678511, guid: 9a5f761746793419e8ccd15e1c9ce26c,
        type: 3}
      propertyPath: m_LocalRotation.z
      value: -0
      objectReference: {fileID: 0}
    - target: {fileID: 2201959670033678511, guid: 9a5f761746793419e8ccd15e1c9ce26c,
        type: 3}
      propertyPath: m_LocalRotation.w
      value: 1
      objectReference: {fileID: 0}
    - target: {fileID: 2201959670033678511, guid: 9a5f761746793419e8ccd15e1c9ce26c,
        type: 3}
      propertyPath: m_RootOrder
      value: 1
      objectReference: {fileID: 0}
    - target: {fileID: 2201959670033678511, guid: 9a5f761746793419e8ccd15e1c9ce26c,
        type: 3}
      propertyPath: m_LocalEulerAnglesHint.x
      value: 0
      objectReference: {fileID: 0}
    - target: {fileID: 2201959670033678511, guid: 9a5f761746793419e8ccd15e1c9ce26c,
        type: 3}
      propertyPath: m_LocalEulerAnglesHint.y
      value: 0
      objectReference: {fileID: 0}
    - target: {fileID: 2201959670033678511, guid: 9a5f761746793419e8ccd15e1c9ce26c,
        type: 3}
      propertyPath: m_LocalEulerAnglesHint.z
      value: 0
      objectReference: {fileID: 0}
    - target: {fileID: 6384997738684674516, guid: 9a5f761746793419e8ccd15e1c9ce26c,
        type: 3}
      propertyPath: m_Name
      value: Cube4x4 (9)
      objectReference: {fileID: 0}
    m_RemovedComponents: []
  m_SourcePrefab: {fileID: 100100000, guid: 9a5f761746793419e8ccd15e1c9ce26c, type: 3}
--- !u!4 &5273349548283157150 stripped
Transform:
  m_CorrespondingSourceObject: {fileID: 2201959670033678511, guid: 9a5f761746793419e8ccd15e1c9ce26c,
    type: 3}
  m_PrefabInstance: {fileID: 6314149889126849073}
  m_PrefabAsset: {fileID: 0}
--- !u!1001 &6314149889316779568
PrefabInstance:
  m_ObjectHideFlags: 0
  serializedVersion: 2
  m_Modification:
    m_TransformParent: {fileID: 6314149889464681032}
    m_Modifications:
    - target: {fileID: 2201959670033678511, guid: 9a5f761746793419e8ccd15e1c9ce26c,
        type: 3}
      propertyPath: m_LocalPosition.x
      value: 4
      objectReference: {fileID: 0}
    - target: {fileID: 2201959670033678511, guid: 9a5f761746793419e8ccd15e1c9ce26c,
        type: 3}
      propertyPath: m_LocalPosition.y
      value: 0
      objectReference: {fileID: 0}
    - target: {fileID: 2201959670033678511, guid: 9a5f761746793419e8ccd15e1c9ce26c,
        type: 3}
      propertyPath: m_LocalPosition.z
      value: -2
      objectReference: {fileID: 0}
    - target: {fileID: 2201959670033678511, guid: 9a5f761746793419e8ccd15e1c9ce26c,
        type: 3}
      propertyPath: m_LocalRotation.x
      value: -0
      objectReference: {fileID: 0}
    - target: {fileID: 2201959670033678511, guid: 9a5f761746793419e8ccd15e1c9ce26c,
        type: 3}
      propertyPath: m_LocalRotation.y
      value: -0
      objectReference: {fileID: 0}
    - target: {fileID: 2201959670033678511, guid: 9a5f761746793419e8ccd15e1c9ce26c,
        type: 3}
      propertyPath: m_LocalRotation.z
      value: -0
      objectReference: {fileID: 0}
    - target: {fileID: 2201959670033678511, guid: 9a5f761746793419e8ccd15e1c9ce26c,
        type: 3}
      propertyPath: m_LocalRotation.w
      value: 1
      objectReference: {fileID: 0}
    - target: {fileID: 2201959670033678511, guid: 9a5f761746793419e8ccd15e1c9ce26c,
        type: 3}
      propertyPath: m_RootOrder
      value: 5
      objectReference: {fileID: 0}
    - target: {fileID: 2201959670033678511, guid: 9a5f761746793419e8ccd15e1c9ce26c,
        type: 3}
      propertyPath: m_LocalEulerAnglesHint.x
      value: 0
      objectReference: {fileID: 0}
    - target: {fileID: 2201959670033678511, guid: 9a5f761746793419e8ccd15e1c9ce26c,
        type: 3}
      propertyPath: m_LocalEulerAnglesHint.y
      value: 0
      objectReference: {fileID: 0}
    - target: {fileID: 2201959670033678511, guid: 9a5f761746793419e8ccd15e1c9ce26c,
        type: 3}
      propertyPath: m_LocalEulerAnglesHint.z
      value: 0
      objectReference: {fileID: 0}
    - target: {fileID: 6384997738684674516, guid: 9a5f761746793419e8ccd15e1c9ce26c,
        type: 3}
      propertyPath: m_Name
      value: Cube4x4 (12)
      objectReference: {fileID: 0}
    m_RemovedComponents: []
  m_SourcePrefab: {fileID: 100100000, guid: 9a5f761746793419e8ccd15e1c9ce26c, type: 3}
--- !u!4 &5273349548609402527 stripped
Transform:
  m_CorrespondingSourceObject: {fileID: 2201959670033678511, guid: 9a5f761746793419e8ccd15e1c9ce26c,
    type: 3}
  m_PrefabInstance: {fileID: 6314149889316779568}
  m_PrefabAsset: {fileID: 0}
--- !u!1001 &6314149889843235502
PrefabInstance:
  m_ObjectHideFlags: 0
  serializedVersion: 2
  m_Modification:
    m_TransformParent: {fileID: 6314149889464681032}
    m_Modifications:
    - target: {fileID: 2201959670033678511, guid: 9a5f761746793419e8ccd15e1c9ce26c,
        type: 3}
      propertyPath: m_LocalPosition.x
      value: 0
      objectReference: {fileID: 0}
    - target: {fileID: 2201959670033678511, guid: 9a5f761746793419e8ccd15e1c9ce26c,
        type: 3}
      propertyPath: m_LocalPosition.y
      value: 0
      objectReference: {fileID: 0}
    - target: {fileID: 2201959670033678511, guid: 9a5f761746793419e8ccd15e1c9ce26c,
        type: 3}
      propertyPath: m_LocalPosition.z
      value: -10
      objectReference: {fileID: 0}
    - target: {fileID: 2201959670033678511, guid: 9a5f761746793419e8ccd15e1c9ce26c,
        type: 3}
      propertyPath: m_LocalRotation.x
      value: -0
      objectReference: {fileID: 0}
    - target: {fileID: 2201959670033678511, guid: 9a5f761746793419e8ccd15e1c9ce26c,
        type: 3}
      propertyPath: m_LocalRotation.y
      value: -0
      objectReference: {fileID: 0}
    - target: {fileID: 2201959670033678511, guid: 9a5f761746793419e8ccd15e1c9ce26c,
        type: 3}
      propertyPath: m_LocalRotation.z
      value: -0
      objectReference: {fileID: 0}
    - target: {fileID: 2201959670033678511, guid: 9a5f761746793419e8ccd15e1c9ce26c,
        type: 3}
      propertyPath: m_LocalRotation.w
      value: 1
      objectReference: {fileID: 0}
    - target: {fileID: 2201959670033678511, guid: 9a5f761746793419e8ccd15e1c9ce26c,
        type: 3}
      propertyPath: m_RootOrder
      value: 9
      objectReference: {fileID: 0}
    - target: {fileID: 2201959670033678511, guid: 9a5f761746793419e8ccd15e1c9ce26c,
        type: 3}
      propertyPath: m_LocalEulerAnglesHint.x
      value: 0
      objectReference: {fileID: 0}
    - target: {fileID: 2201959670033678511, guid: 9a5f761746793419e8ccd15e1c9ce26c,
        type: 3}
      propertyPath: m_LocalEulerAnglesHint.y
      value: 0
      objectReference: {fileID: 0}
    - target: {fileID: 2201959670033678511, guid: 9a5f761746793419e8ccd15e1c9ce26c,
        type: 3}
      propertyPath: m_LocalEulerAnglesHint.z
      value: 0
      objectReference: {fileID: 0}
    - target: {fileID: 6384997738684674516, guid: 9a5f761746793419e8ccd15e1c9ce26c,
        type: 3}
      propertyPath: m_Name
      value: Initial
      objectReference: {fileID: 0}
    m_RemovedComponents: []
  m_SourcePrefab: {fileID: 100100000, guid: 9a5f761746793419e8ccd15e1c9ce26c, type: 3}
--- !u!4 &5273349549135858177 stripped
Transform:
  m_CorrespondingSourceObject: {fileID: 2201959670033678511, guid: 9a5f761746793419e8ccd15e1c9ce26c,
    type: 3}
  m_PrefabInstance: {fileID: 6314149889843235502}
  m_PrefabAsset: {fileID: 0}
--- !u!1001 &8942100720774012471
PrefabInstance:
  m_ObjectHideFlags: 0
  serializedVersion: 2
  m_Modification:
    m_TransformParent: {fileID: 6314149889464681032}
    m_Modifications:
    - target: {fileID: 557168967232209590, guid: a3e6e7f4eb811440ba4ca341c073e592,
        type: 3}
      propertyPath: m_Name
      value: BallBreakableSmall (3)
      objectReference: {fileID: 0}
    - target: {fileID: 557168967232209590, guid: a3e6e7f4eb811440ba4ca341c073e592,
        type: 3}
      propertyPath: m_IsActive
      value: 1
      objectReference: {fileID: 0}
    - target: {fileID: 985358584179170403, guid: a3e6e7f4eb811440ba4ca341c073e592,
        type: 3}
      propertyPath: m_LocalPosition.x
      value: 3.5
      objectReference: {fileID: 0}
    - target: {fileID: 985358584179170403, guid: a3e6e7f4eb811440ba4ca341c073e592,
        type: 3}
      propertyPath: m_LocalPosition.y
      value: 0
      objectReference: {fileID: 0}
    - target: {fileID: 985358584179170403, guid: a3e6e7f4eb811440ba4ca341c073e592,
        type: 3}
      propertyPath: m_LocalPosition.z
      value: -1
      objectReference: {fileID: 0}
    - target: {fileID: 985358584179170403, guid: a3e6e7f4eb811440ba4ca341c073e592,
        type: 3}
      propertyPath: m_LocalRotation.x
      value: -0
      objectReference: {fileID: 0}
    - target: {fileID: 985358584179170403, guid: a3e6e7f4eb811440ba4ca341c073e592,
        type: 3}
      propertyPath: m_LocalRotation.y
      value: -0
      objectReference: {fileID: 0}
    - target: {fileID: 985358584179170403, guid: a3e6e7f4eb811440ba4ca341c073e592,
        type: 3}
      propertyPath: m_LocalRotation.z
      value: -0
      objectReference: {fileID: 0}
    - target: {fileID: 985358584179170403, guid: a3e6e7f4eb811440ba4ca341c073e592,
        type: 3}
      propertyPath: m_LocalRotation.w
      value: 1
      objectReference: {fileID: 0}
    - target: {fileID: 985358584179170403, guid: a3e6e7f4eb811440ba4ca341c073e592,
        type: 3}
      propertyPath: m_RootOrder
      value: 15
      objectReference: {fileID: 0}
    - target: {fileID: 985358584179170403, guid: a3e6e7f4eb811440ba4ca341c073e592,
        type: 3}
      propertyPath: m_LocalEulerAnglesHint.x
      value: 0
      objectReference: {fileID: 0}
    - target: {fileID: 985358584179170403, guid: a3e6e7f4eb811440ba4ca341c073e592,
        type: 3}
      propertyPath: m_LocalEulerAnglesHint.y
      value: 0
      objectReference: {fileID: 0}
    - target: {fileID: 985358584179170403, guid: a3e6e7f4eb811440ba4ca341c073e592,
        type: 3}
      propertyPath: m_LocalEulerAnglesHint.z
      value: 0
      objectReference: {fileID: 0}
    - target: {fileID: 4483092260311038762, guid: a3e6e7f4eb811440ba4ca341c073e592,
        type: 3}
      propertyPath: m_Radius
      value: 3
      objectReference: {fileID: 0}
    - target: {fileID: 5617087542540443430, guid: a3e6e7f4eb811440ba4ca341c073e592,
        type: 3}
      propertyPath: m_textInfo.characterCount
      value: 1
      objectReference: {fileID: 0}
    - target: {fileID: 5617087542540443430, guid: a3e6e7f4eb811440ba4ca341c073e592,
        type: 3}
      propertyPath: m_textInfo.wordCount
      value: 1
      objectReference: {fileID: 0}
    - target: {fileID: 5617087542540443430, guid: a3e6e7f4eb811440ba4ca341c073e592,
        type: 3}
      propertyPath: m_textInfo.lineCount
      value: 1
      objectReference: {fileID: 0}
    - target: {fileID: 5617087542540443430, guid: a3e6e7f4eb811440ba4ca341c073e592,
        type: 3}
      propertyPath: m_textInfo.pageCount
      value: 1
      objectReference: {fileID: 0}
    - target: {fileID: 8066983072024732996, guid: a3e6e7f4eb811440ba4ca341c073e592,
        type: 3}
      propertyPath: maxMinions
      value: 4
      objectReference: {fileID: 0}
    - target: {fileID: 8487119348351840658, guid: a3e6e7f4eb811440ba4ca341c073e592,
        type: 3}
      propertyPath: m_LocalScale.y
      value: 0.5
      objectReference: {fileID: 0}
    - target: {fileID: 8784336022682508317, guid: a3e6e7f4eb811440ba4ca341c073e592,
        type: 3}
      propertyPath: m_Enabled
      value: 1
      objectReference: {fileID: 0}
    m_RemovedComponents: []
  m_SourcePrefab: {fileID: 100100000, guid: a3e6e7f4eb811440ba4ca341c073e592, type: 3}
--- !u!4 &8193186073424052820 stripped
Transform:
  m_CorrespondingSourceObject: {fileID: 985358584179170403, guid: a3e6e7f4eb811440ba4ca341c073e592,
    type: 3}
  m_PrefabInstance: {fileID: 8942100720774012471}
  m_PrefabAsset: {fileID: 0}
