%YAML 1.1
%TAG !u! tag:unity3d.com,2011:
--- !u!1 &1810296006670424795
GameObject:
  m_ObjectHideFlags: 0
  m_CorrespondingSourceObject: {fileID: 0}
  m_PrefabInstance: {fileID: 0}
  m_PrefabAsset: {fileID: 0}
  serializedVersion: 6
  m_Component:
  - component: {fileID: 1810296006670424612}
  - component: {fileID: 1810296006670424613}
  - component: {fileID: 5791731446592380672}
  m_Layer: 0
  m_Name: RoomBasicTutorial1
  m_TagString: Untagged
  m_Icon: {fileID: 0}
  m_NavMeshLayer: 0
  m_StaticEditorFlags: 0
  m_IsActive: 1
--- !u!4 &1810296006670424612
Transform:
  m_ObjectHideFlags: 0
  m_CorrespondingSourceObject: {fileID: 0}
  m_PrefabInstance: {fileID: 0}
  m_PrefabAsset: {fileID: 0}
  m_GameObject: {fileID: 1810296006670424795}
  m_LocalRotation: {x: 0, y: 0, z: 0, w: 1}
  m_LocalPosition: {x: 0, y: 0, z: 0}
  m_LocalScale: {x: 1, y: 1, z: 1}
  m_Children:
  - {fileID: 545384187320033186}
  - {fileID: 545384185755927282}
  - {fileID: 545384187307200693}
  - {fileID: 545384186916970408}
  - {fileID: 545384187789773833}
  - {fileID: 545384185904790330}
  - {fileID: 545384186101313267}
  - {fileID: 545384187119480776}
  - {fileID: 545384186976013914}
  - {fileID: 545384187480450660}
  - {fileID: 545384186648646253}
  - {fileID: 4565019261710744620}
  - {fileID: 2912042029766838536}
  m_Father: {fileID: 0}
  m_RootOrder: 0
  m_LocalEulerAnglesHint: {x: 0, y: 0, z: 0}
--- !u!114 &1810296006670424613
MonoBehaviour:
  m_ObjectHideFlags: 0
  m_CorrespondingSourceObject: {fileID: 0}
  m_PrefabInstance: {fileID: 0}
  m_PrefabAsset: {fileID: 0}
  m_GameObject: {fileID: 1810296006670424795}
  m_Enabled: 1
  m_EditorHideFlags: 0
  m_Script: {fileID: 11500000, guid: 7da2e84290ff24257b6234a1a91296af, type: 3}
  m_Name: 
  m_EditorClassIdentifier: 
  initial: {fileID: 545384186648646253}
  final: {fileID: 545384187320033186}
  currentEnemyIndex: -1
  instantiatedPrefab: {fileID: 0}
  instantiatedObjects: []
  enemyPattern:
  - {fileID: -7671575257798688876, guid: ec9c5861d8c4a4d4d9063dc1e9ec64ea, type: 3}
--- !u!114 &5791731446592380672
MonoBehaviour:
  m_ObjectHideFlags: 0
  m_CorrespondingSourceObject: {fileID: 0}
  m_PrefabInstance: {fileID: 0}
  m_PrefabAsset: {fileID: 0}
  m_GameObject: {fileID: 1810296006670424795}
  m_Enabled: 1
  m_EditorHideFlags: 0
  m_Script: {fileID: 11500000, guid: 7a5ac11cc976e418e8d13136b07e1f52, type: 3}
  m_Name: 
  m_EditorClassIdentifier: 
  m_AgentTypeID: 0
  m_CollectObjects: 0
  m_Size: {x: 10, y: 10, z: 10}
  m_Center: {x: 0, y: 2, z: 0}
  m_LayerMask:
    serializedVersion: 2
    m_Bits: 4294967295
  m_UseGeometry: 0
  m_DefaultArea: 0
  m_IgnoreNavMeshAgent: 1
  m_IgnoreNavMeshObstacle: 1
  m_OverrideTileSize: 0
  m_TileSize: 256
  m_OverrideVoxelSize: 0
  m_VoxelSize: 0.06666667
  m_BuildHeightMesh: 0
  m_NavMeshData: {fileID: 23800000, guid: 7c47453a74c6d43298a8ee3e2e2d1b78, type: 2}
--- !u!1 &2869862719078062725
GameObject:
  m_ObjectHideFlags: 0
  m_CorrespondingSourceObject: {fileID: 0}
  m_PrefabInstance: {fileID: 0}
  m_PrefabAsset: {fileID: 0}
  serializedVersion: 6
  m_Component:
  - component: {fileID: 2912042029766838536}
  - component: {fileID: 5154472496927582375}
  - component: {fileID: 2278291309850971806}
  - component: {fileID: 4803004508942540296}
  - component: {fileID: 8703156835797701619}
  m_Layer: 0
  m_Name: Text (TMP)
  m_TagString: Untagged
  m_Icon: {fileID: 0}
  m_NavMeshLayer: 0
  m_StaticEditorFlags: 0
  m_IsActive: 1
--- !u!224 &2912042029766838536
RectTransform:
  m_ObjectHideFlags: 0
  m_CorrespondingSourceObject: {fileID: 0}
  m_PrefabInstance: {fileID: 0}
  m_PrefabAsset: {fileID: 0}
  m_GameObject: {fileID: 2869862719078062725}
  m_LocalRotation: {x: 0.7071068, y: 0, z: 0, w: 0.7071068}
  m_LocalPosition: {x: 0, y: 0, z: -6}
  m_LocalScale: {x: 0.2, y: 0.2, z: 0.2}
  m_Children: []
  m_Father: {fileID: 1810296006670424612}
  m_RootOrder: 12
  m_LocalEulerAnglesHint: {x: 90, y: 0, z: 0}
  m_AnchorMin: {x: 0.5, y: 0.5}
  m_AnchorMax: {x: 0.5, y: 0.5}
  m_AnchoredPosition: {x: 0, y: 0.1}
  m_SizeDelta: {x: 40, y: 5}
  m_Pivot: {x: 0.5, y: 0.5}
--- !u!23 &5154472496927582375
MeshRenderer:
  m_ObjectHideFlags: 0
  m_CorrespondingSourceObject: {fileID: 0}
  m_PrefabInstance: {fileID: 0}
  m_PrefabAsset: {fileID: 0}
  m_GameObject: {fileID: 2869862719078062725}
  m_Enabled: 1
  m_CastShadows: 0
  m_ReceiveShadows: 0
  m_DynamicOccludee: 1
  m_MotionVectors: 1
  m_LightProbeUsage: 1
  m_ReflectionProbeUsage: 1
  m_RenderingLayerMask: 1
  m_RendererPriority: 0
  m_Materials:
  - {fileID: 2180264, guid: 8f586378b4e144a9851e7b34d9b748ee, type: 2}
  m_StaticBatchInfo:
    firstSubMesh: 0
    subMeshCount: 0
  m_StaticBatchRoot: {fileID: 0}
  m_ProbeAnchor: {fileID: 0}
  m_LightProbeVolumeOverride: {fileID: 0}
  m_ScaleInLightmap: 1
  m_ReceiveGI: 1
  m_PreserveUVs: 0
  m_IgnoreNormalsForChartDetection: 0
  m_ImportantGI: 0
  m_StitchLightmapSeams: 1
  m_SelectedEditorRenderState: 3
  m_MinimumChartSize: 4
  m_AutoUVMaxDistance: 0.5
  m_AutoUVMaxAngle: 89
  m_LightmapParameters: {fileID: 0}
  m_SortingLayerID: 0
  m_SortingLayer: 0
  m_SortingOrder: 0
--- !u!33 &2278291309850971806
MeshFilter:
  m_ObjectHideFlags: 0
  m_CorrespondingSourceObject: {fileID: 0}
  m_PrefabInstance: {fileID: 0}
  m_PrefabAsset: {fileID: 0}
  m_GameObject: {fileID: 2869862719078062725}
  m_Mesh: {fileID: 0}
--- !u!222 &4803004508942540296
CanvasRenderer:
  m_ObjectHideFlags: 0
  m_CorrespondingSourceObject: {fileID: 0}
  m_PrefabInstance: {fileID: 0}
  m_PrefabAsset: {fileID: 0}
  m_GameObject: {fileID: 2869862719078062725}
  m_CullTransparentMesh: 0
--- !u!114 &8703156835797701619
MonoBehaviour:
  m_ObjectHideFlags: 0
  m_CorrespondingSourceObject: {fileID: 0}
  m_PrefabInstance: {fileID: 0}
  m_PrefabAsset: {fileID: 0}
  m_GameObject: {fileID: 2869862719078062725}
  m_Enabled: 1
  m_EditorHideFlags: 0
  m_Script: {fileID: 11500000, guid: 9541d86e2fd84c1d9990edf0852d74ab, type: 3}
  m_Name: 
  m_EditorClassIdentifier: 
  m_Material: {fileID: 0}
  m_Color: {r: 1, g: 1, b: 1, a: 1}
  m_RaycastTarget: 1
  m_OnCullStateChanged:
    m_PersistentCalls:
      m_Calls: []
  m_text: "stop to make a \n<size=50><b>snowball"
  m_isRightToLeft: 0
  m_fontAsset: {fileID: 11400000, guid: 8f586378b4e144a9851e7b34d9b748ee, type: 2}
  m_sharedMaterial: {fileID: 2180264, guid: 8f586378b4e144a9851e7b34d9b748ee, type: 2}
  m_fontSharedMaterials: []
  m_fontMaterial: {fileID: 0}
  m_fontMaterials: []
  m_fontColor32:
    serializedVersion: 2
    rgba: 4278190080
  m_fontColor: {r: 0, g: 0, b: 0, a: 1}
  m_enableVertexGradient: 0
  m_colorMode: 3
  m_fontColorGradient:
    topLeft: {r: 1, g: 1, b: 1, a: 1}
    topRight: {r: 1, g: 1, b: 1, a: 1}
    bottomLeft: {r: 1, g: 1, b: 1, a: 1}
    bottomRight: {r: 1, g: 1, b: 1, a: 1}
  m_fontColorGradientPreset: {fileID: 0}
  m_spriteAsset: {fileID: 0}
  m_tintAllSprites: 0
  m_overrideHtmlColors: 0
  m_faceColor:
    serializedVersion: 2
    rgba: 4294967295
  m_outlineColor:
    serializedVersion: 2
    rgba: 4278190080
  m_fontSize: 36
  m_fontSizeBase: 36
  m_fontWeight: 400
  m_enableAutoSizing: 0
  m_fontSizeMin: 18
  m_fontSizeMax: 72
  m_fontStyle: 16
  m_textAlignment: 514
  m_characterSpacing: 0
  m_wordSpacing: 0
  m_lineSpacing: 0
  m_lineSpacingMax: 0
  m_paragraphSpacing: 0
  m_charWidthMaxAdj: 0
  m_enableWordWrapping: 1
  m_wordWrappingRatios: 0.4
  m_overflowMode: 0
  m_firstOverflowCharacterIndex: 16
  m_linkedTextComponent: {fileID: 0}
  m_isLinkedTextComponent: 0
  m_isTextTruncated: 0
  m_enableKerning: 1
  m_enableExtraPadding: 0
  checkPaddingRequired: 0
  m_isRichText: 1
  m_parseCtrlCharacters: 1
  m_isOrthographic: 0
  m_isCullingEnabled: 0
  m_ignoreRectMaskCulling: 0
  m_ignoreCulling: 1
  m_horizontalMapping: 0
  m_verticalMapping: 0
  m_uvLineOffset: 0
  m_geometrySortingOrder: 0
  m_VertexBufferAutoSizeReduction: 1
  m_firstVisibleCharacter: 0
  m_useMaxVisibleDescender: 1
  m_pageToDisplay: 1
  m_margin: {x: 0, y: 0, z: 0, w: 0}
  m_textInfo:
    textComponent: {fileID: 8703156835797701619}
    characterCount: 24
    spriteCount: 0
    spaceCount: 5
    wordCount: 5
    linkCount: 0
    lineCount: 2
    pageCount: 1
    materialCount: 1
  m_isUsingLegacyAnimationComponent: 0
  m_isVolumetricText: 0
  m_spriteAnimator: {fileID: 0}
  m_hasFontAssetChanged: 0
  m_renderer: {fileID: 5154472496927582375}
  m_subTextObjects:
  - {fileID: 0}
  - {fileID: 0}
  - {fileID: 0}
  - {fileID: 0}
  - {fileID: 0}
  - {fileID: 0}
  - {fileID: 0}
  - {fileID: 0}
  m_maskType: 0
--- !u!1 &5818221857545572643
GameObject:
  m_ObjectHideFlags: 0
  m_CorrespondingSourceObject: {fileID: 0}
  m_PrefabInstance: {fileID: 0}
  m_PrefabAsset: {fileID: 0}
  serializedVersion: 6
  m_Component:
  - component: {fileID: 4565019261710744620}
  - component: {fileID: 108125227863710404}
  - component: {fileID: 6180723158363236339}
  - component: {fileID: 7536879579525710250}
  m_Layer: 0
  m_Name: Cube
  m_TagString: Deadly
  m_Icon: {fileID: 0}
  m_NavMeshLayer: 0
  m_StaticEditorFlags: 0
  m_IsActive: 1
--- !u!4 &4565019261710744620
Transform:
  m_ObjectHideFlags: 0
  m_CorrespondingSourceObject: {fileID: 0}
  m_PrefabInstance: {fileID: 0}
  m_PrefabAsset: {fileID: 0}
  m_GameObject: {fileID: 5818221857545572643}
  m_LocalRotation: {x: 0, y: 0, z: 0, w: 1}
  m_LocalPosition: {x: 0, y: -4, z: -2}
  m_LocalScale: {x: 16, y: 2, z: 22}
  m_Children: []
  m_Father: {fileID: 1810296006670424612}
  m_RootOrder: 11
  m_LocalEulerAnglesHint: {x: 0, y: 0, z: 0}
--- !u!33 &108125227863710404
MeshFilter:
  m_ObjectHideFlags: 0
  m_CorrespondingSourceObject: {fileID: 0}
  m_PrefabInstance: {fileID: 0}
  m_PrefabAsset: {fileID: 0}
  m_GameObject: {fileID: 5818221857545572643}
  m_Mesh: {fileID: 10202, guid: 0000000000000000e000000000000000, type: 0}
--- !u!23 &6180723158363236339
MeshRenderer:
  m_ObjectHideFlags: 0
  m_CorrespondingSourceObject: {fileID: 0}
  m_PrefabInstance: {fileID: 0}
  m_PrefabAsset: {fileID: 0}
  m_GameObject: {fileID: 5818221857545572643}
  m_Enabled: 0
  m_CastShadows: 1
  m_ReceiveShadows: 1
  m_DynamicOccludee: 1
  m_MotionVectors: 1
  m_LightProbeUsage: 1
  m_ReflectionProbeUsage: 1
  m_RenderingLayerMask: 1
  m_RendererPriority: 0
  m_Materials:
  - {fileID: 10303, guid: 0000000000000000f000000000000000, type: 0}
  m_StaticBatchInfo:
    firstSubMesh: 0
    subMeshCount: 0
  m_StaticBatchRoot: {fileID: 0}
  m_ProbeAnchor: {fileID: 0}
  m_LightProbeVolumeOverride: {fileID: 0}
  m_ScaleInLightmap: 1
  m_ReceiveGI: 1
  m_PreserveUVs: 0
  m_IgnoreNormalsForChartDetection: 0
  m_ImportantGI: 0
  m_StitchLightmapSeams: 1
  m_SelectedEditorRenderState: 3
  m_MinimumChartSize: 4
  m_AutoUVMaxDistance: 0.5
  m_AutoUVMaxAngle: 89
  m_LightmapParameters: {fileID: 0}
  m_SortingLayerID: 0
  m_SortingLayer: 0
  m_SortingOrder: 0
--- !u!65 &7536879579525710250
BoxCollider:
  m_ObjectHideFlags: 0
  m_CorrespondingSourceObject: {fileID: 0}
  m_PrefabInstance: {fileID: 0}
  m_PrefabAsset: {fileID: 0}
  m_GameObject: {fileID: 5818221857545572643}
  m_Material: {fileID: 0}
  m_IsTrigger: 1
  m_Enabled: 1
  serializedVersion: 2
  m_Size: {x: 1, y: 1, z: 1}
  m_Center: {x: 0, y: 0, z: 0}
--- !u!1001 &1810296004815429383
PrefabInstance:
  m_ObjectHideFlags: 0
  serializedVersion: 2
  m_Modification:
    m_TransformParent: {fileID: 1810296006670424612}
    m_Modifications:
    - target: {fileID: 2201959670033678511, guid: 9a5f761746793419e8ccd15e1c9ce26c,
        type: 3}
      propertyPath: m_LocalPosition.x
      value: 0
      objectReference: {fileID: 0}
    - target: {fileID: 2201959670033678511, guid: 9a5f761746793419e8ccd15e1c9ce26c,
        type: 3}
      propertyPath: m_LocalPosition.y
      value: 0
      objectReference: {fileID: 0}
    - target: {fileID: 2201959670033678511, guid: 9a5f761746793419e8ccd15e1c9ce26c,
        type: 3}
      propertyPath: m_LocalPosition.z
      value: 2
      objectReference: {fileID: 0}
    - target: {fileID: 2201959670033678511, guid: 9a5f761746793419e8ccd15e1c9ce26c,
        type: 3}
      propertyPath: m_LocalRotation.x
      value: -0
      objectReference: {fileID: 0}
    - target: {fileID: 2201959670033678511, guid: 9a5f761746793419e8ccd15e1c9ce26c,
        type: 3}
      propertyPath: m_LocalRotation.y
      value: -0
      objectReference: {fileID: 0}
    - target: {fileID: 2201959670033678511, guid: 9a5f761746793419e8ccd15e1c9ce26c,
        type: 3}
      propertyPath: m_LocalRotation.z
      value: -0
      objectReference: {fileID: 0}
    - target: {fileID: 2201959670033678511, guid: 9a5f761746793419e8ccd15e1c9ce26c,
        type: 3}
      propertyPath: m_LocalRotation.w
      value: 1
      objectReference: {fileID: 0}
    - target: {fileID: 2201959670033678511, guid: 9a5f761746793419e8ccd15e1c9ce26c,
        type: 3}
      propertyPath: m_RootOrder
      value: 3
      objectReference: {fileID: 0}
    - target: {fileID: 2201959670033678511, guid: 9a5f761746793419e8ccd15e1c9ce26c,
        type: 3}
      propertyPath: m_LocalEulerAnglesHint.x
      value: 0
      objectReference: {fileID: 0}
    - target: {fileID: 2201959670033678511, guid: 9a5f761746793419e8ccd15e1c9ce26c,
        type: 3}
      propertyPath: m_LocalEulerAnglesHint.y
      value: 0
      objectReference: {fileID: 0}
    - target: {fileID: 2201959670033678511, guid: 9a5f761746793419e8ccd15e1c9ce26c,
        type: 3}
      propertyPath: m_LocalEulerAnglesHint.z
      value: 0
      objectReference: {fileID: 0}
    - target: {fileID: 6384997738684674516, guid: 9a5f761746793419e8ccd15e1c9ce26c,
        type: 3}
      propertyPath: m_Name
      value: Cube4x4 (7)
      objectReference: {fileID: 0}
    m_RemovedComponents: []
  m_SourcePrefab: {fileID: 100100000, guid: 9a5f761746793419e8ccd15e1c9ce26c, type: 3}
--- !u!4 &545384186916970408 stripped
Transform:
  m_CorrespondingSourceObject: {fileID: 2201959670033678511, guid: 9a5f761746793419e8ccd15e1c9ce26c,
    type: 3}
  m_PrefabInstance: {fileID: 1810296004815429383}
  m_PrefabAsset: {fileID: 0}
--- !u!1001 &1810296005007642357
PrefabInstance:
  m_ObjectHideFlags: 0
  serializedVersion: 2
  m_Modification:
    m_TransformParent: {fileID: 1810296006670424612}
    m_Modifications:
    - target: {fileID: 2201959670033678511, guid: 9a5f761746793419e8ccd15e1c9ce26c,
        type: 3}
      propertyPath: m_LocalPosition.x
      value: 0
      objectReference: {fileID: 0}
    - target: {fileID: 2201959670033678511, guid: 9a5f761746793419e8ccd15e1c9ce26c,
        type: 3}
      propertyPath: m_LocalPosition.y
      value: 0
      objectReference: {fileID: 0}
    - target: {fileID: 2201959670033678511, guid: 9a5f761746793419e8ccd15e1c9ce26c,
        type: 3}
      propertyPath: m_LocalPosition.z
      value: -6
      objectReference: {fileID: 0}
    - target: {fileID: 2201959670033678511, guid: 9a5f761746793419e8ccd15e1c9ce26c,
        type: 3}
      propertyPath: m_LocalRotation.x
      value: -0
      objectReference: {fileID: 0}
    - target: {fileID: 2201959670033678511, guid: 9a5f761746793419e8ccd15e1c9ce26c,
        type: 3}
      propertyPath: m_LocalRotation.y
      value: -0
      objectReference: {fileID: 0}
    - target: {fileID: 2201959670033678511, guid: 9a5f761746793419e8ccd15e1c9ce26c,
        type: 3}
      propertyPath: m_LocalRotation.z
      value: -0
      objectReference: {fileID: 0}
    - target: {fileID: 2201959670033678511, guid: 9a5f761746793419e8ccd15e1c9ce26c,
        type: 3}
      propertyPath: m_LocalRotation.w
      value: 1
      objectReference: {fileID: 0}
    - target: {fileID: 2201959670033678511, guid: 9a5f761746793419e8ccd15e1c9ce26c,
        type: 3}
      propertyPath: m_RootOrder
      value: 8
      objectReference: {fileID: 0}
    - target: {fileID: 2201959670033678511, guid: 9a5f761746793419e8ccd15e1c9ce26c,
        type: 3}
      propertyPath: m_LocalEulerAnglesHint.x
      value: 0
      objectReference: {fileID: 0}
    - target: {fileID: 2201959670033678511, guid: 9a5f761746793419e8ccd15e1c9ce26c,
        type: 3}
      propertyPath: m_LocalEulerAnglesHint.y
      value: 0
      objectReference: {fileID: 0}
    - target: {fileID: 2201959670033678511, guid: 9a5f761746793419e8ccd15e1c9ce26c,
        type: 3}
      propertyPath: m_LocalEulerAnglesHint.z
      value: 0
      objectReference: {fileID: 0}
    - target: {fileID: 6384997738684674516, guid: 9a5f761746793419e8ccd15e1c9ce26c,
        type: 3}
      propertyPath: m_Name
      value: Cube4x4 (14)
      objectReference: {fileID: 0}
    m_RemovedComponents: []
  m_SourcePrefab: {fileID: 100100000, guid: 9a5f761746793419e8ccd15e1c9ce26c, type: 3}
--- !u!4 &545384186976013914 stripped
Transform:
  m_CorrespondingSourceObject: {fileID: 2201959670033678511, guid: 9a5f761746793419e8ccd15e1c9ce26c,
    type: 3}
  m_PrefabInstance: {fileID: 1810296005007642357}
  m_PrefabAsset: {fileID: 0}
--- !u!1001 &1810296005150060391
PrefabInstance:
  m_ObjectHideFlags: 0
  serializedVersion: 2
  m_Modification:
    m_TransformParent: {fileID: 1810296006670424612}
    m_Modifications:
    - target: {fileID: 2201959670033678511, guid: 9a5f761746793419e8ccd15e1c9ce26c,
        type: 3}
      propertyPath: m_LocalPosition.x
      value: -4
      objectReference: {fileID: 0}
    - target: {fileID: 2201959670033678511, guid: 9a5f761746793419e8ccd15e1c9ce26c,
        type: 3}
      propertyPath: m_LocalPosition.y
      value: 0
      objectReference: {fileID: 0}
    - target: {fileID: 2201959670033678511, guid: 9a5f761746793419e8ccd15e1c9ce26c,
        type: 3}
      propertyPath: m_LocalPosition.z
      value: -6
      objectReference: {fileID: 0}
    - target: {fileID: 2201959670033678511, guid: 9a5f761746793419e8ccd15e1c9ce26c,
        type: 3}
      propertyPath: m_LocalRotation.x
      value: -0
      objectReference: {fileID: 0}
    - target: {fileID: 2201959670033678511, guid: 9a5f761746793419e8ccd15e1c9ce26c,
        type: 3}
      propertyPath: m_LocalRotation.y
      value: -0
      objectReference: {fileID: 0}
    - target: {fileID: 2201959670033678511, guid: 9a5f761746793419e8ccd15e1c9ce26c,
        type: 3}
      propertyPath: m_LocalRotation.z
      value: -0
      objectReference: {fileID: 0}
    - target: {fileID: 2201959670033678511, guid: 9a5f761746793419e8ccd15e1c9ce26c,
        type: 3}
      propertyPath: m_LocalRotation.w
      value: 1
      objectReference: {fileID: 0}
    - target: {fileID: 2201959670033678511, guid: 9a5f761746793419e8ccd15e1c9ce26c,
        type: 3}
      propertyPath: m_RootOrder
      value: 7
      objectReference: {fileID: 0}
    - target: {fileID: 2201959670033678511, guid: 9a5f761746793419e8ccd15e1c9ce26c,
        type: 3}
      propertyPath: m_LocalEulerAnglesHint.x
      value: 0
      objectReference: {fileID: 0}
    - target: {fileID: 2201959670033678511, guid: 9a5f761746793419e8ccd15e1c9ce26c,
        type: 3}
      propertyPath: m_LocalEulerAnglesHint.y
      value: 0
      objectReference: {fileID: 0}
    - target: {fileID: 2201959670033678511, guid: 9a5f761746793419e8ccd15e1c9ce26c,
        type: 3}
      propertyPath: m_LocalEulerAnglesHint.z
      value: 0
      objectReference: {fileID: 0}
    - target: {fileID: 6384997738684674516, guid: 9a5f761746793419e8ccd15e1c9ce26c,
        type: 3}
      propertyPath: m_Name
      value: Cube4x4 (13)
      objectReference: {fileID: 0}
    m_RemovedComponents: []
  m_SourcePrefab: {fileID: 100100000, guid: 9a5f761746793419e8ccd15e1c9ce26c, type: 3}
--- !u!4 &545384187119480776 stripped
Transform:
  m_CorrespondingSourceObject: {fileID: 2201959670033678511, guid: 9a5f761746793419e8ccd15e1c9ce26c,
    type: 3}
  m_PrefabInstance: {fileID: 1810296005150060391}
  m_PrefabAsset: {fileID: 0}
--- !u!1001 &1810296005205659674
PrefabInstance:
  m_ObjectHideFlags: 0
  serializedVersion: 2
  m_Modification:
    m_TransformParent: {fileID: 1810296006670424612}
    m_Modifications:
    - target: {fileID: 2201959670033678511, guid: 9a5f761746793419e8ccd15e1c9ce26c,
        type: 3}
      propertyPath: m_LocalPosition.x
      value: -4
      objectReference: {fileID: 0}
    - target: {fileID: 2201959670033678511, guid: 9a5f761746793419e8ccd15e1c9ce26c,
        type: 3}
      propertyPath: m_LocalPosition.y
      value: 0
      objectReference: {fileID: 0}
    - target: {fileID: 2201959670033678511, guid: 9a5f761746793419e8ccd15e1c9ce26c,
        type: 3}
      propertyPath: m_LocalPosition.z
      value: 2
      objectReference: {fileID: 0}
    - target: {fileID: 2201959670033678511, guid: 9a5f761746793419e8ccd15e1c9ce26c,
        type: 3}
      propertyPath: m_LocalRotation.x
      value: -0
      objectReference: {fileID: 0}
    - target: {fileID: 2201959670033678511, guid: 9a5f761746793419e8ccd15e1c9ce26c,
        type: 3}
      propertyPath: m_LocalRotation.y
      value: -0
      objectReference: {fileID: 0}
    - target: {fileID: 2201959670033678511, guid: 9a5f761746793419e8ccd15e1c9ce26c,
        type: 3}
      propertyPath: m_LocalRotation.z
      value: -0
      objectReference: {fileID: 0}
    - target: {fileID: 2201959670033678511, guid: 9a5f761746793419e8ccd15e1c9ce26c,
        type: 3}
      propertyPath: m_LocalRotation.w
      value: 1
      objectReference: {fileID: 0}
    - target: {fileID: 2201959670033678511, guid: 9a5f761746793419e8ccd15e1c9ce26c,
        type: 3}
      propertyPath: m_RootOrder
      value: 2
      objectReference: {fileID: 0}
    - target: {fileID: 2201959670033678511, guid: 9a5f761746793419e8ccd15e1c9ce26c,
        type: 3}
      propertyPath: m_LocalEulerAnglesHint.x
      value: 0
      objectReference: {fileID: 0}
    - target: {fileID: 2201959670033678511, guid: 9a5f761746793419e8ccd15e1c9ce26c,
        type: 3}
      propertyPath: m_LocalEulerAnglesHint.y
      value: 0
      objectReference: {fileID: 0}
    - target: {fileID: 2201959670033678511, guid: 9a5f761746793419e8ccd15e1c9ce26c,
        type: 3}
      propertyPath: m_LocalEulerAnglesHint.z
      value: 0
      objectReference: {fileID: 0}
    - target: {fileID: 6384997738684674516, guid: 9a5f761746793419e8ccd15e1c9ce26c,
        type: 3}
      propertyPath: m_Name
      value: Cube4x4 (8)
      objectReference: {fileID: 0}
    m_RemovedComponents: []
  m_SourcePrefab: {fileID: 100100000, guid: 9a5f761746793419e8ccd15e1c9ce26c, type: 3}
--- !u!4 &545384187307200693 stripped
Transform:
  m_CorrespondingSourceObject: {fileID: 2201959670033678511, guid: 9a5f761746793419e8ccd15e1c9ce26c,
    type: 3}
  m_PrefabInstance: {fileID: 1810296005205659674}
  m_PrefabAsset: {fileID: 0}
--- !u!1001 &1810296005217443597
PrefabInstance:
  m_ObjectHideFlags: 0
  serializedVersion: 2
  m_Modification:
    m_TransformParent: {fileID: 1810296006670424612}
    m_Modifications:
    - target: {fileID: 2201959670033678511, guid: 9a5f761746793419e8ccd15e1c9ce26c,
        type: 3}
      propertyPath: m_LocalPosition.x
      value: 0
      objectReference: {fileID: 0}
    - target: {fileID: 2201959670033678511, guid: 9a5f761746793419e8ccd15e1c9ce26c,
        type: 3}
      propertyPath: m_LocalPosition.y
      value: 0
      objectReference: {fileID: 0}
    - target: {fileID: 2201959670033678511, guid: 9a5f761746793419e8ccd15e1c9ce26c,
        type: 3}
      propertyPath: m_LocalPosition.z
      value: 6
      objectReference: {fileID: 0}
    - target: {fileID: 2201959670033678511, guid: 9a5f761746793419e8ccd15e1c9ce26c,
        type: 3}
      propertyPath: m_LocalRotation.x
      value: -0
      objectReference: {fileID: 0}
    - target: {fileID: 2201959670033678511, guid: 9a5f761746793419e8ccd15e1c9ce26c,
        type: 3}
      propertyPath: m_LocalRotation.y
      value: -0
      objectReference: {fileID: 0}
    - target: {fileID: 2201959670033678511, guid: 9a5f761746793419e8ccd15e1c9ce26c,
        type: 3}
      propertyPath: m_LocalRotation.z
      value: -0
      objectReference: {fileID: 0}
    - target: {fileID: 2201959670033678511, guid: 9a5f761746793419e8ccd15e1c9ce26c,
        type: 3}
      propertyPath: m_LocalRotation.w
      value: 1
      objectReference: {fileID: 0}
    - target: {fileID: 2201959670033678511, guid: 9a5f761746793419e8ccd15e1c9ce26c,
        type: 3}
      propertyPath: m_RootOrder
      value: 0
      objectReference: {fileID: 0}
    - target: {fileID: 2201959670033678511, guid: 9a5f761746793419e8ccd15e1c9ce26c,
        type: 3}
      propertyPath: m_LocalEulerAnglesHint.x
      value: 0
      objectReference: {fileID: 0}
    - target: {fileID: 2201959670033678511, guid: 9a5f761746793419e8ccd15e1c9ce26c,
        type: 3}
      propertyPath: m_LocalEulerAnglesHint.y
      value: 0
      objectReference: {fileID: 0}
    - target: {fileID: 2201959670033678511, guid: 9a5f761746793419e8ccd15e1c9ce26c,
        type: 3}
      propertyPath: m_LocalEulerAnglesHint.z
      value: 0
      objectReference: {fileID: 0}
    - target: {fileID: 6384997738684674516, guid: 9a5f761746793419e8ccd15e1c9ce26c,
        type: 3}
      propertyPath: m_Name
      value: End
      objectReference: {fileID: 0}
    m_RemovedComponents: []
  m_SourcePrefab: {fileID: 100100000, guid: 9a5f761746793419e8ccd15e1c9ce26c, type: 3}
--- !u!4 &545384187320033186 stripped
Transform:
  m_CorrespondingSourceObject: {fileID: 2201959670033678511, guid: 9a5f761746793419e8ccd15e1c9ce26c,
    type: 3}
  m_PrefabInstance: {fileID: 1810296005217443597}
  m_PrefabAsset: {fileID: 0}
--- !u!1001 &1810296005581285067
PrefabInstance:
  m_ObjectHideFlags: 0
  serializedVersion: 2
  m_Modification:
    m_TransformParent: {fileID: 1810296006670424612}
    m_Modifications:
    - target: {fileID: 2201959670033678511, guid: 9a5f761746793419e8ccd15e1c9ce26c,
        type: 3}
      propertyPath: m_LocalPosition.x
      value: 4
      objectReference: {fileID: 0}
    - target: {fileID: 2201959670033678511, guid: 9a5f761746793419e8ccd15e1c9ce26c,
        type: 3}
      propertyPath: m_LocalPosition.y
      value: 0
      objectReference: {fileID: 0}
    - target: {fileID: 2201959670033678511, guid: 9a5f761746793419e8ccd15e1c9ce26c,
        type: 3}
      propertyPath: m_LocalPosition.z
      value: -6
      objectReference: {fileID: 0}
    - target: {fileID: 2201959670033678511, guid: 9a5f761746793419e8ccd15e1c9ce26c,
        type: 3}
      propertyPath: m_LocalRotation.x
      value: -0
      objectReference: {fileID: 0}
    - target: {fileID: 2201959670033678511, guid: 9a5f761746793419e8ccd15e1c9ce26c,
        type: 3}
      propertyPath: m_LocalRotation.y
      value: -0
      objectReference: {fileID: 0}
    - target: {fileID: 2201959670033678511, guid: 9a5f761746793419e8ccd15e1c9ce26c,
        type: 3}
      propertyPath: m_LocalRotation.z
      value: -0
      objectReference: {fileID: 0}
    - target: {fileID: 2201959670033678511, guid: 9a5f761746793419e8ccd15e1c9ce26c,
        type: 3}
      propertyPath: m_LocalRotation.w
      value: 1
      objectReference: {fileID: 0}
    - target: {fileID: 2201959670033678511, guid: 9a5f761746793419e8ccd15e1c9ce26c,
        type: 3}
      propertyPath: m_RootOrder
      value: 9
      objectReference: {fileID: 0}
    - target: {fileID: 2201959670033678511, guid: 9a5f761746793419e8ccd15e1c9ce26c,
        type: 3}
      propertyPath: m_LocalEulerAnglesHint.x
      value: 0
      objectReference: {fileID: 0}
    - target: {fileID: 2201959670033678511, guid: 9a5f761746793419e8ccd15e1c9ce26c,
        type: 3}
      propertyPath: m_LocalEulerAnglesHint.y
      value: 0
      objectReference: {fileID: 0}
    - target: {fileID: 2201959670033678511, guid: 9a5f761746793419e8ccd15e1c9ce26c,
        type: 3}
      propertyPath: m_LocalEulerAnglesHint.z
      value: 0
      objectReference: {fileID: 0}
    - target: {fileID: 6384997738684674516, guid: 9a5f761746793419e8ccd15e1c9ce26c,
        type: 3}
      propertyPath: m_Name
      value: Cube4x4 (15)
      objectReference: {fileID: 0}
    m_RemovedComponents: []
  m_SourcePrefab: {fileID: 100100000, guid: 9a5f761746793419e8ccd15e1c9ce26c, type: 3}
--- !u!4 &545384187480450660 stripped
Transform:
  m_CorrespondingSourceObject: {fileID: 2201959670033678511, guid: 9a5f761746793419e8ccd15e1c9ce26c,
    type: 3}
  m_PrefabInstance: {fileID: 1810296005581285067}
  m_PrefabAsset: {fileID: 0}
--- !u!1001 &1810296005821402278
PrefabInstance:
  m_ObjectHideFlags: 0
  serializedVersion: 2
  m_Modification:
    m_TransformParent: {fileID: 1810296006670424612}
    m_Modifications:
    - target: {fileID: 2201959670033678511, guid: 9a5f761746793419e8ccd15e1c9ce26c,
        type: 3}
      propertyPath: m_LocalPosition.x
      value: -4
      objectReference: {fileID: 0}
    - target: {fileID: 2201959670033678511, guid: 9a5f761746793419e8ccd15e1c9ce26c,
        type: 3}
      propertyPath: m_LocalPosition.y
      value: 0
      objectReference: {fileID: 0}
    - target: {fileID: 2201959670033678511, guid: 9a5f761746793419e8ccd15e1c9ce26c,
        type: 3}
      propertyPath: m_LocalPosition.z
      value: -2
      objectReference: {fileID: 0}
    - target: {fileID: 2201959670033678511, guid: 9a5f761746793419e8ccd15e1c9ce26c,
        type: 3}
      propertyPath: m_LocalRotation.x
      value: -0
      objectReference: {fileID: 0}
    - target: {fileID: 2201959670033678511, guid: 9a5f761746793419e8ccd15e1c9ce26c,
        type: 3}
      propertyPath: m_LocalRotation.y
      value: -0
      objectReference: {fileID: 0}
    - target: {fileID: 2201959670033678511, guid: 9a5f761746793419e8ccd15e1c9ce26c,
        type: 3}
      propertyPath: m_LocalRotation.z
      value: -0
      objectReference: {fileID: 0}
    - target: {fileID: 2201959670033678511, guid: 9a5f761746793419e8ccd15e1c9ce26c,
        type: 3}
      propertyPath: m_LocalRotation.w
      value: 1
      objectReference: {fileID: 0}
    - target: {fileID: 2201959670033678511, guid: 9a5f761746793419e8ccd15e1c9ce26c,
        type: 3}
      propertyPath: m_RootOrder
      value: 4
      objectReference: {fileID: 0}
    - target: {fileID: 2201959670033678511, guid: 9a5f761746793419e8ccd15e1c9ce26c,
        type: 3}
      propertyPath: m_LocalEulerAnglesHint.x
      value: 0
      objectReference: {fileID: 0}
    - target: {fileID: 2201959670033678511, guid: 9a5f761746793419e8ccd15e1c9ce26c,
        type: 3}
      propertyPath: m_LocalEulerAnglesHint.y
      value: 0
      objectReference: {fileID: 0}
    - target: {fileID: 2201959670033678511, guid: 9a5f761746793419e8ccd15e1c9ce26c,
        type: 3}
      propertyPath: m_LocalEulerAnglesHint.z
      value: 0
      objectReference: {fileID: 0}
    - target: {fileID: 6384997738684674516, guid: 9a5f761746793419e8ccd15e1c9ce26c,
        type: 3}
      propertyPath: m_Name
      value: Cube4x4 (10)
      objectReference: {fileID: 0}
    m_RemovedComponents: []
  m_SourcePrefab: {fileID: 100100000, guid: 9a5f761746793419e8ccd15e1c9ce26c, type: 3}
--- !u!4 &545384187789773833 stripped
Transform:
  m_CorrespondingSourceObject: {fileID: 2201959670033678511, guid: 9a5f761746793419e8ccd15e1c9ce26c,
    type: 3}
  m_PrefabInstance: {fileID: 1810296005821402278}
  m_PrefabAsset: {fileID: 0}
--- !u!1001 &1810296005933990493
PrefabInstance:
  m_ObjectHideFlags: 0
  serializedVersion: 2
  m_Modification:
    m_TransformParent: {fileID: 1810296006670424612}
    m_Modifications:
    - target: {fileID: 2201959670033678511, guid: 9a5f761746793419e8ccd15e1c9ce26c,
        type: 3}
      propertyPath: m_LocalPosition.x
      value: 4
      objectReference: {fileID: 0}
    - target: {fileID: 2201959670033678511, guid: 9a5f761746793419e8ccd15e1c9ce26c,
        type: 3}
      propertyPath: m_LocalPosition.y
      value: 0
      objectReference: {fileID: 0}
    - target: {fileID: 2201959670033678511, guid: 9a5f761746793419e8ccd15e1c9ce26c,
        type: 3}
      propertyPath: m_LocalPosition.z
      value: 2
      objectReference: {fileID: 0}
    - target: {fileID: 2201959670033678511, guid: 9a5f761746793419e8ccd15e1c9ce26c,
        type: 3}
      propertyPath: m_LocalRotation.x
      value: -0
      objectReference: {fileID: 0}
    - target: {fileID: 2201959670033678511, guid: 9a5f761746793419e8ccd15e1c9ce26c,
        type: 3}
      propertyPath: m_LocalRotation.y
      value: -0
      objectReference: {fileID: 0}
    - target: {fileID: 2201959670033678511, guid: 9a5f761746793419e8ccd15e1c9ce26c,
        type: 3}
      propertyPath: m_LocalRotation.z
      value: -0
      objectReference: {fileID: 0}
    - target: {fileID: 2201959670033678511, guid: 9a5f761746793419e8ccd15e1c9ce26c,
        type: 3}
      propertyPath: m_LocalRotation.w
      value: 1
      objectReference: {fileID: 0}
    - target: {fileID: 2201959670033678511, guid: 9a5f761746793419e8ccd15e1c9ce26c,
        type: 3}
      propertyPath: m_RootOrder
      value: 1
      objectReference: {fileID: 0}
    - target: {fileID: 2201959670033678511, guid: 9a5f761746793419e8ccd15e1c9ce26c,
        type: 3}
      propertyPath: m_LocalEulerAnglesHint.x
      value: 0
      objectReference: {fileID: 0}
    - target: {fileID: 2201959670033678511, guid: 9a5f761746793419e8ccd15e1c9ce26c,
        type: 3}
      propertyPath: m_LocalEulerAnglesHint.y
      value: 0
      objectReference: {fileID: 0}
    - target: {fileID: 2201959670033678511, guid: 9a5f761746793419e8ccd15e1c9ce26c,
        type: 3}
      propertyPath: m_LocalEulerAnglesHint.z
      value: 0
      objectReference: {fileID: 0}
    - target: {fileID: 6384997738684674516, guid: 9a5f761746793419e8ccd15e1c9ce26c,
        type: 3}
      propertyPath: m_Name
      value: Cube4x4 (9)
      objectReference: {fileID: 0}
    m_RemovedComponents: []
  m_SourcePrefab: {fileID: 100100000, guid: 9a5f761746793419e8ccd15e1c9ce26c, type: 3}
--- !u!4 &545384185755927282 stripped
Transform:
  m_CorrespondingSourceObject: {fileID: 2201959670033678511, guid: 9a5f761746793419e8ccd15e1c9ce26c,
    type: 3}
  m_PrefabInstance: {fileID: 1810296005933990493}
  m_PrefabAsset: {fileID: 0}
--- !u!1001 &1810296006082853781
PrefabInstance:
  m_ObjectHideFlags: 0
  serializedVersion: 2
  m_Modification:
    m_TransformParent: {fileID: 1810296006670424612}
    m_Modifications:
    - target: {fileID: 2201959670033678511, guid: 9a5f761746793419e8ccd15e1c9ce26c,
        type: 3}
      propertyPath: m_LocalPosition.x
      value: 0
      objectReference: {fileID: 0}
    - target: {fileID: 2201959670033678511, guid: 9a5f761746793419e8ccd15e1c9ce26c,
        type: 3}
      propertyPath: m_LocalPosition.y
      value: 0
      objectReference: {fileID: 0}
    - target: {fileID: 2201959670033678511, guid: 9a5f761746793419e8ccd15e1c9ce26c,
        type: 3}
      propertyPath: m_LocalPosition.z
      value: -2
      objectReference: {fileID: 0}
    - target: {fileID: 2201959670033678511, guid: 9a5f761746793419e8ccd15e1c9ce26c,
        type: 3}
      propertyPath: m_LocalRotation.x
      value: -0
      objectReference: {fileID: 0}
    - target: {fileID: 2201959670033678511, guid: 9a5f761746793419e8ccd15e1c9ce26c,
        type: 3}
      propertyPath: m_LocalRotation.y
      value: -0
      objectReference: {fileID: 0}
    - target: {fileID: 2201959670033678511, guid: 9a5f761746793419e8ccd15e1c9ce26c,
        type: 3}
      propertyPath: m_LocalRotation.z
      value: -0
      objectReference: {fileID: 0}
    - target: {fileID: 2201959670033678511, guid: 9a5f761746793419e8ccd15e1c9ce26c,
        type: 3}
      propertyPath: m_LocalRotation.w
      value: 1
      objectReference: {fileID: 0}
    - target: {fileID: 2201959670033678511, guid: 9a5f761746793419e8ccd15e1c9ce26c,
        type: 3}
      propertyPath: m_RootOrder
      value: 5
      objectReference: {fileID: 0}
    - target: {fileID: 2201959670033678511, guid: 9a5f761746793419e8ccd15e1c9ce26c,
        type: 3}
      propertyPath: m_LocalEulerAnglesHint.x
      value: 0
      objectReference: {fileID: 0}
    - target: {fileID: 2201959670033678511, guid: 9a5f761746793419e8ccd15e1c9ce26c,
        type: 3}
      propertyPath: m_LocalEulerAnglesHint.y
      value: 0
      objectReference: {fileID: 0}
    - target: {fileID: 2201959670033678511, guid: 9a5f761746793419e8ccd15e1c9ce26c,
        type: 3}
      propertyPath: m_LocalEulerAnglesHint.z
      value: 0
      objectReference: {fileID: 0}
    - target: {fileID: 6384997738684674516, guid: 9a5f761746793419e8ccd15e1c9ce26c,
        type: 3}
      propertyPath: m_Name
      value: Cube4x4 (11)
      objectReference: {fileID: 0}
    m_RemovedComponents: []
  m_SourcePrefab: {fileID: 100100000, guid: 9a5f761746793419e8ccd15e1c9ce26c, type: 3}
--- !u!4 &545384185904790330 stripped
Transform:
  m_CorrespondingSourceObject: {fileID: 2201959670033678511, guid: 9a5f761746793419e8ccd15e1c9ce26c,
    type: 3}
  m_PrefabInstance: {fileID: 1810296006082853781}
  m_PrefabAsset: {fileID: 0}
--- !u!1001 &1810296006147255900
PrefabInstance:
  m_ObjectHideFlags: 0
  serializedVersion: 2
  m_Modification:
    m_TransformParent: {fileID: 1810296006670424612}
    m_Modifications:
    - target: {fileID: 2201959670033678511, guid: 9a5f761746793419e8ccd15e1c9ce26c,
        type: 3}
      propertyPath: m_LocalPosition.x
      value: 4
      objectReference: {fileID: 0}
    - target: {fileID: 2201959670033678511, guid: 9a5f761746793419e8ccd15e1c9ce26c,
        type: 3}
      propertyPath: m_LocalPosition.y
      value: 0
      objectReference: {fileID: 0}
    - target: {fileID: 2201959670033678511, guid: 9a5f761746793419e8ccd15e1c9ce26c,
        type: 3}
      propertyPath: m_LocalPosition.z
      value: -2
      objectReference: {fileID: 0}
    - target: {fileID: 2201959670033678511, guid: 9a5f761746793419e8ccd15e1c9ce26c,
        type: 3}
      propertyPath: m_LocalRotation.x
      value: -0
      objectReference: {fileID: 0}
    - target: {fileID: 2201959670033678511, guid: 9a5f761746793419e8ccd15e1c9ce26c,
        type: 3}
      propertyPath: m_LocalRotation.y
      value: -0
      objectReference: {fileID: 0}
    - target: {fileID: 2201959670033678511, guid: 9a5f761746793419e8ccd15e1c9ce26c,
        type: 3}
      propertyPath: m_LocalRotation.z
      value: -0
      objectReference: {fileID: 0}
    - target: {fileID: 2201959670033678511, guid: 9a5f761746793419e8ccd15e1c9ce26c,
        type: 3}
      propertyPath: m_LocalRotation.w
      value: 1
      objectReference: {fileID: 0}
    - target: {fileID: 2201959670033678511, guid: 9a5f761746793419e8ccd15e1c9ce26c,
        type: 3}
      propertyPath: m_RootOrder
      value: 6
      objectReference: {fileID: 0}
    - target: {fileID: 2201959670033678511, guid: 9a5f761746793419e8ccd15e1c9ce26c,
        type: 3}
      propertyPath: m_LocalEulerAnglesHint.x
      value: 0
      objectReference: {fileID: 0}
    - target: {fileID: 2201959670033678511, guid: 9a5f761746793419e8ccd15e1c9ce26c,
        type: 3}
      propertyPath: m_LocalEulerAnglesHint.y
      value: 0
      objectReference: {fileID: 0}
    - target: {fileID: 2201959670033678511, guid: 9a5f761746793419e8ccd15e1c9ce26c,
        type: 3}
      propertyPath: m_LocalEulerAnglesHint.z
      value: 0
      objectReference: {fileID: 0}
    - target: {fileID: 6384997738684674516, guid: 9a5f761746793419e8ccd15e1c9ce26c,
        type: 3}
      propertyPath: m_Name
      value: Cube4x4 (12)
      objectReference: {fileID: 0}
    m_RemovedComponents: []
  m_SourcePrefab: {fileID: 100100000, guid: 9a5f761746793419e8ccd15e1c9ce26c, type: 3}
--- !u!4 &545384186101313267 stripped
Transform:
  m_CorrespondingSourceObject: {fileID: 2201959670033678511, guid: 9a5f761746793419e8ccd15e1c9ce26c,
    type: 3}
  m_PrefabInstance: {fileID: 1810296006147255900}
  m_PrefabAsset: {fileID: 0}
--- !u!1001 &1810296006694589122
PrefabInstance:
  m_ObjectHideFlags: 0
  serializedVersion: 2
  m_Modification:
    m_TransformParent: {fileID: 1810296006670424612}
    m_Modifications:
    - target: {fileID: 2201959670033678511, guid: 9a5f761746793419e8ccd15e1c9ce26c,
        type: 3}
      propertyPath: m_LocalPosition.x
      value: 0
      objectReference: {fileID: 0}
    - target: {fileID: 2201959670033678511, guid: 9a5f761746793419e8ccd15e1c9ce26c,
        type: 3}
      propertyPath: m_LocalPosition.y
      value: 0
      objectReference: {fileID: 0}
    - target: {fileID: 2201959670033678511, guid: 9a5f761746793419e8ccd15e1c9ce26c,
        type: 3}
      propertyPath: m_LocalPosition.z
      value: -10
      objectReference: {fileID: 0}
    - target: {fileID: 2201959670033678511, guid: 9a5f761746793419e8ccd15e1c9ce26c,
        type: 3}
      propertyPath: m_LocalRotation.x
      value: -0
      objectReference: {fileID: 0}
    - target: {fileID: 2201959670033678511, guid: 9a5f761746793419e8ccd15e1c9ce26c,
        type: 3}
      propertyPath: m_LocalRotation.y
      value: -0
      objectReference: {fileID: 0}
    - target: {fileID: 2201959670033678511, guid: 9a5f761746793419e8ccd15e1c9ce26c,
        type: 3}
      propertyPath: m_LocalRotation.z
      value: -0
      objectReference: {fileID: 0}
    - target: {fileID: 2201959670033678511, guid: 9a5f761746793419e8ccd15e1c9ce26c,
        type: 3}
      propertyPath: m_LocalRotation.w
      value: 1
      objectReference: {fileID: 0}
    - target: {fileID: 2201959670033678511, guid: 9a5f761746793419e8ccd15e1c9ce26c,
        type: 3}
      propertyPath: m_RootOrder
      value: 10
      objectReference: {fileID: 0}
    - target: {fileID: 2201959670033678511, guid: 9a5f761746793419e8ccd15e1c9ce26c,
        type: 3}
      propertyPath: m_LocalEulerAnglesHint.x
      value: 0
      objectReference: {fileID: 0}
    - target: {fileID: 2201959670033678511, guid: 9a5f761746793419e8ccd15e1c9ce26c,
        type: 3}
      propertyPath: m_LocalEulerAnglesHint.y
      value: 0
      objectReference: {fileID: 0}
    - target: {fileID: 2201959670033678511, guid: 9a5f761746793419e8ccd15e1c9ce26c,
        type: 3}
      propertyPath: m_LocalEulerAnglesHint.z
      value: 0
      objectReference: {fileID: 0}
    - target: {fileID: 6384997738684674516, guid: 9a5f761746793419e8ccd15e1c9ce26c,
        type: 3}
      propertyPath: m_Name
      value: Initial
      objectReference: {fileID: 0}
    m_RemovedComponents: []
  m_SourcePrefab: {fileID: 100100000, guid: 9a5f761746793419e8ccd15e1c9ce26c, type: 3}
--- !u!4 &545384186648646253 stripped
Transform:
  m_CorrespondingSourceObject: {fileID: 2201959670033678511, guid: 9a5f761746793419e8ccd15e1c9ce26c,
    type: 3}
  m_PrefabInstance: {fileID: 1810296006694589122}
  m_PrefabAsset: {fileID: 0}
