%YAML 1.1
%TAG !u! tag:unity3d.com,2011:
--- !u!1 &1095167800302032851
GameObject:
  m_ObjectHideFlags: 0
  m_CorrespondingSourceObject: {fileID: 0}
  m_PrefabInstance: {fileID: 0}
  m_PrefabAsset: {fileID: 0}
  serializedVersion: 6
  m_Component:
  - component: {fileID: 7757029075378950263}
  - component: {fileID: 4491712042581057953}
  m_Layer: 0
  m_Name: RoomBasicPattern (9)
  m_TagString: Untagged
  m_Icon: {fileID: 0}
  m_NavMeshLayer: 0
  m_StaticEditorFlags: 0
  m_IsActive: 1
--- !u!4 &7757029075378950263
Transform:
  m_ObjectHideFlags: 0
  m_CorrespondingSourceObject: {fileID: 0}
  m_PrefabInstance: {fileID: 0}
  m_PrefabAsset: {fileID: 0}
  m_GameObject: {fileID: 1095167800302032851}
  m_LocalRotation: {x: -0, y: -0, z: -0, w: 1}
  m_LocalPosition: {x: 0, y: 0, z: 0}
  m_LocalScale: {x: 1, y: 1, z: 1}
  m_Children:
  - {fileID: 7885627380470848922}
  - {fileID: 1675600605686134160}
  - {fileID: 2516529071716067048}
  - {fileID: 4826978330552021097}
  - {fileID: 6139856047276383751}
  - {fileID: 1982137240318528068}
  - {fileID: 6336278947451456329}
  - {fileID: 5953919372677727893}
  - {fileID: 1582058507402791539}
  m_Father: {fileID: 0}
  m_RootOrder: 0
  m_LocalEulerAnglesHint: {x: 0, y: 0, z: 0}
--- !u!114 &4491712042581057953
MonoBehaviour:
  m_ObjectHideFlags: 0
  m_CorrespondingSourceObject: {fileID: 0}
  m_PrefabInstance: {fileID: 0}
  m_PrefabAsset: {fileID: 0}
  m_GameObject: {fileID: 1095167800302032851}
  m_Enabled: 1
  m_EditorHideFlags: 0
  m_Script: {fileID: 11500000, guid: e5101b3a4a1214c978defb84d2895a84, type: 3}
  m_Name: 
  m_EditorClassIdentifier: 
  minLevel: 6
  order:
  - EnemyLevel1
  - EnemyLevel2
  - EnemyweaponLevel1
  - BlackEnvironment
  - EnemyLevel3
  - EnemyweaponLevel2
  - EnemyweaponLevel3
--- !u!1001 &986004762831006223
PrefabInstance:
  m_ObjectHideFlags: 0
  serializedVersion: 2
  m_Modification:
    m_TransformParent: {fileID: 7757029075378950263}
    m_Modifications:
    - target: {fileID: 6972027734774888337, guid: 7b4beb7fafcbc4d06ba09b233b1a94ab,
        type: 3}
      propertyPath: m_Name
      value: BlackEnvironment (1)
      objectReference: {fileID: 0}
    - target: {fileID: 6972027734774888341, guid: 7b4beb7fafcbc4d06ba09b233b1a94ab,
        type: 3}
      propertyPath: m_LocalPosition.x
      value: -3
      objectReference: {fileID: 0}
    - target: {fileID: 6972027734774888341, guid: 7b4beb7fafcbc4d06ba09b233b1a94ab,
        type: 3}
      propertyPath: m_LocalPosition.y
      value: 0
      objectReference: {fileID: 0}
    - target: {fileID: 6972027734774888341, guid: 7b4beb7fafcbc4d06ba09b233b1a94ab,
        type: 3}
      propertyPath: m_LocalPosition.z
      value: -5
      objectReference: {fileID: 0}
    - target: {fileID: 6972027734774888341, guid: 7b4beb7fafcbc4d06ba09b233b1a94ab,
        type: 3}
      propertyPath: m_LocalRotation.x
      value: 0
      objectReference: {fileID: 0}
    - target: {fileID: 6972027734774888341, guid: 7b4beb7fafcbc4d06ba09b233b1a94ab,
        type: 3}
      propertyPath: m_LocalRotation.y
      value: 0.7071068
      objectReference: {fileID: 0}
    - target: {fileID: 6972027734774888341, guid: 7b4beb7fafcbc4d06ba09b233b1a94ab,
        type: 3}
      propertyPath: m_LocalRotation.z
      value: 0
      objectReference: {fileID: 0}
    - target: {fileID: 6972027734774888341, guid: 7b4beb7fafcbc4d06ba09b233b1a94ab,
        type: 3}
      propertyPath: m_LocalRotation.w
      value: 0.7071068
      objectReference: {fileID: 0}
    - target: {fileID: 6972027734774888341, guid: 7b4beb7fafcbc4d06ba09b233b1a94ab,
        type: 3}
      propertyPath: m_RootOrder
      value: 0
      objectReference: {fileID: 0}
    - target: {fileID: 6972027734774888341, guid: 7b4beb7fafcbc4d06ba09b233b1a94ab,
        type: 3}
      propertyPath: m_LocalEulerAnglesHint.x
      value: 0
      objectReference: {fileID: 0}
    - target: {fileID: 6972027734774888341, guid: 7b4beb7fafcbc4d06ba09b233b1a94ab,
        type: 3}
      propertyPath: m_LocalEulerAnglesHint.y
      value: 0
      objectReference: {fileID: 0}
    - target: {fileID: 6972027734774888341, guid: 7b4beb7fafcbc4d06ba09b233b1a94ab,
        type: 3}
      propertyPath: m_LocalEulerAnglesHint.z
      value: 0
      objectReference: {fileID: 0}
    - target: {fileID: 6972027734774888341, guid: 7b4beb7fafcbc4d06ba09b233b1a94ab,
        type: 3}
      propertyPath: m_LocalScale.z
      value: 1
      objectReference: {fileID: 0}
    - target: {fileID: 6972027734774888341, guid: 7b4beb7fafcbc4d06ba09b233b1a94ab,
        type: 3}
      propertyPath: m_LocalScale.x
      value: 1
      objectReference: {fileID: 0}
    - target: {fileID: 6972027734774888341, guid: 7b4beb7fafcbc4d06ba09b233b1a94ab,
        type: 3}
      propertyPath: m_LocalScale.y
      value: 2
      objectReference: {fileID: 0}
    m_RemovedComponents: []
  m_SourcePrefab: {fileID: 100100000, guid: 7b4beb7fafcbc4d06ba09b233b1a94ab, type: 3}
--- !u!4 &7885627380470848922 stripped
Transform:
  m_CorrespondingSourceObject: {fileID: 6972027734774888341, guid: 7b4beb7fafcbc4d06ba09b233b1a94ab,
    type: 3}
  m_PrefabInstance: {fileID: 986004762831006223}
  m_PrefabAsset: {fileID: 0}
--- !u!1001 &1305552419138094687
PrefabInstance:
  m_ObjectHideFlags: 0
  serializedVersion: 2
  m_Modification:
    m_TransformParent: {fileID: 7757029075378950263}
    m_Modifications:
    - target: {fileID: 17340276100783862, guid: d1409aaf6f3ca49018a698b8763d9382,
        type: 3}
      propertyPath: m_ConnectedAnchor.x
      value: 0.010083925
      objectReference: {fileID: 0}
    - target: {fileID: 17340276100783862, guid: d1409aaf6f3ca49018a698b8763d9382,
        type: 3}
      propertyPath: m_ConnectedAnchor.y
      value: 0.011373546
      objectReference: {fileID: 0}
    - target: {fileID: 17340276100783862, guid: d1409aaf6f3ca49018a698b8763d9382,
        type: 3}
      propertyPath: m_ConnectedAnchor.z
      value: -0.0012420155
      objectReference: {fileID: 0}
    - target: {fileID: 1182176072800956385, guid: d1409aaf6f3ca49018a698b8763d9382,
        type: 3}
      propertyPath: m_ConnectedAnchor.y
      value: 0.0113735525
      objectReference: {fileID: 0}
    - target: {fileID: 1182176072800956385, guid: d1409aaf6f3ca49018a698b8763d9382,
        type: 3}
      propertyPath: m_ConnectedAnchor.z
      value: -0.0012420494
      objectReference: {fileID: 0}
    - target: {fileID: 1182176072800956385, guid: d1409aaf6f3ca49018a698b8763d9382,
        type: 3}
      propertyPath: m_ConnectedAnchor.x
      value: -0.010083925
      objectReference: {fileID: 0}
    - target: {fileID: 1297014775788128399, guid: d1409aaf6f3ca49018a698b8763d9382,
        type: 3}
      propertyPath: m_ConnectedAnchor.x
      value: -0.000000022584572
      objectReference: {fileID: 0}
    - target: {fileID: 1297014775788128399, guid: d1409aaf6f3ca49018a698b8763d9382,
        type: 3}
      propertyPath: m_ConnectedAnchor.y
      value: 0.010437211
      objectReference: {fileID: 0}
    - target: {fileID: 1297014775788128399, guid: d1409aaf6f3ca49018a698b8763d9382,
        type: 3}
      propertyPath: m_ConnectedAnchor.z
      value: 0.000000011641534
      objectReference: {fileID: 0}
    - target: {fileID: 1495259284824307118, guid: d1409aaf6f3ca49018a698b8763d9382,
        type: 3}
      propertyPath: m_ConnectedAnchor.x
      value: -1.5045201e-11
      objectReference: {fileID: 0}
    - target: {fileID: 1495259284824307118, guid: d1409aaf6f3ca49018a698b8763d9382,
        type: 3}
      propertyPath: m_ConnectedAnchor.y
      value: 0.019915612
      objectReference: {fileID: 0}
    - target: {fileID: 1495259284824307118, guid: d1409aaf6f3ca49018a698b8763d9382,
        type: 3}
      propertyPath: m_ConnectedAnchor.z
      value: -0.00018996888
      objectReference: {fileID: 0}
    - target: {fileID: 2905080303338924950, guid: d1409aaf6f3ca49018a698b8763d9382,
        type: 3}
      propertyPath: m_ConnectedAnchor.x
      value: -6.1118116e-10
      objectReference: {fileID: 0}
    - target: {fileID: 2905080303338924950, guid: d1409aaf6f3ca49018a698b8763d9382,
        type: 3}
      propertyPath: m_ConnectedAnchor.y
      value: 0.021108389
      objectReference: {fileID: 0}
    - target: {fileID: 2905080303338924950, guid: d1409aaf6f3ca49018a698b8763d9382,
        type: 3}
      propertyPath: m_ConnectedAnchor.z
      value: -0.000000003841846
      objectReference: {fileID: 0}
    - target: {fileID: 3431436035991585268, guid: d1409aaf6f3ca49018a698b8763d9382,
        type: 3}
      propertyPath: m_ConnectedAnchor.x
      value: -2.1100058e-10
      objectReference: {fileID: 0}
    - target: {fileID: 3431436035991585268, guid: d1409aaf6f3ca49018a698b8763d9382,
        type: 3}
      propertyPath: m_ConnectedAnchor.y
      value: 0.024322286
      objectReference: {fileID: 0}
    - target: {fileID: 3431436035991585268, guid: d1409aaf6f3ca49018a698b8763d9382,
        type: 3}
      propertyPath: m_ConnectedAnchor.z
      value: -0.0018553084
      objectReference: {fileID: 0}
    - target: {fileID: 4473079936279977056, guid: d1409aaf6f3ca49018a698b8763d9382,
        type: 3}
      propertyPath: m_ConnectedAnchor.x
      value: -0.0077029252
      objectReference: {fileID: 0}
    - target: {fileID: 4473079936279977056, guid: d1409aaf6f3ca49018a698b8763d9382,
        type: 3}
      propertyPath: m_ConnectedAnchor.y
      value: 0.0019972487
      objectReference: {fileID: 0}
    - target: {fileID: 4473079936279977056, guid: d1409aaf6f3ca49018a698b8763d9382,
        type: 3}
      propertyPath: m_ConnectedAnchor.z
      value: -0.0018432692
      objectReference: {fileID: 0}
    - target: {fileID: 4644060609358044412, guid: d1409aaf6f3ca49018a698b8763d9382,
        type: 3}
      propertyPath: m_ConnectedAnchor.y
      value: 0.0019972483
      objectReference: {fileID: 0}
    - target: {fileID: 4644060609358044412, guid: d1409aaf6f3ca49018a698b8763d9382,
        type: 3}
      propertyPath: m_ConnectedAnchor.z
      value: -0.0018432795
      objectReference: {fileID: 0}
    - target: {fileID: 4644060609358044412, guid: d1409aaf6f3ca49018a698b8763d9382,
        type: 3}
      propertyPath: m_ConnectedAnchor.x
      value: 0.0077029252
      objectReference: {fileID: 0}
    - target: {fileID: 4665398389261900970, guid: d1409aaf6f3ca49018a698b8763d9382,
        type: 3}
      propertyPath: m_Name
      value: EnemyLevel1 (3)
      objectReference: {fileID: 0}
    - target: {fileID: 4665398389262057674, guid: d1409aaf6f3ca49018a698b8763d9382,
        type: 3}
      propertyPath: m_LocalPosition.x
      value: 0
      objectReference: {fileID: 0}
    - target: {fileID: 4665398389262057674, guid: d1409aaf6f3ca49018a698b8763d9382,
        type: 3}
      propertyPath: m_LocalPosition.y
      value: 0
      objectReference: {fileID: 0}
    - target: {fileID: 4665398389262057674, guid: d1409aaf6f3ca49018a698b8763d9382,
        type: 3}
      propertyPath: m_LocalPosition.z
      value: -5
      objectReference: {fileID: 0}
    - target: {fileID: 4665398389262057674, guid: d1409aaf6f3ca49018a698b8763d9382,
        type: 3}
      propertyPath: m_LocalRotation.x
      value: -0
      objectReference: {fileID: 0}
    - target: {fileID: 4665398389262057674, guid: d1409aaf6f3ca49018a698b8763d9382,
        type: 3}
      propertyPath: m_LocalRotation.y
      value: 1
      objectReference: {fileID: 0}
    - target: {fileID: 4665398389262057674, guid: d1409aaf6f3ca49018a698b8763d9382,
        type: 3}
      propertyPath: m_LocalRotation.z
      value: -0
      objectReference: {fileID: 0}
    - target: {fileID: 4665398389262057674, guid: d1409aaf6f3ca49018a698b8763d9382,
        type: 3}
      propertyPath: m_LocalRotation.w
      value: 0.00000028088027
      objectReference: {fileID: 0}
    - target: {fileID: 4665398389262057674, guid: d1409aaf6f3ca49018a698b8763d9382,
        type: 3}
      propertyPath: m_RootOrder
      value: 7
      objectReference: {fileID: 0}
    - target: {fileID: 4665398389262057674, guid: d1409aaf6f3ca49018a698b8763d9382,
        type: 3}
      propertyPath: m_LocalEulerAnglesHint.x
      value: 0
      objectReference: {fileID: 0}
    - target: {fileID: 4665398389262057674, guid: d1409aaf6f3ca49018a698b8763d9382,
        type: 3}
      propertyPath: m_LocalEulerAnglesHint.y
      value: 179.99998
      objectReference: {fileID: 0}
    - target: {fileID: 4665398389262057674, guid: d1409aaf6f3ca49018a698b8763d9382,
        type: 3}
      propertyPath: m_LocalEulerAnglesHint.z
      value: 0
      objectReference: {fileID: 0}
    - target: {fileID: 5341239823758961445, guid: d1409aaf6f3ca49018a698b8763d9382,
        type: 3}
      propertyPath: m_ConnectedAnchor.x
      value: 1.1641546e-10
      objectReference: {fileID: 0}
    - target: {fileID: 5341239823758961445, guid: d1409aaf6f3ca49018a698b8763d9382,
        type: 3}
      propertyPath: m_ConnectedAnchor.z
      value: -0.000000011641954
      objectReference: {fileID: 0}
    - target: {fileID: 5341239823758961445, guid: d1409aaf6f3ca49018a698b8763d9382,
        type: 3}
      propertyPath: m_ConnectedAnchor.y
      value: 0.021108394
      objectReference: {fileID: 0}
    - target: {fileID: 6240085686569107126, guid: d1409aaf6f3ca49018a698b8763d9382,
        type: 3}
      propertyPath: m_ConnectedAnchor.x
      value: 0.0000000107102105
      objectReference: {fileID: 0}
    - target: {fileID: 6240085686569107126, guid: d1409aaf6f3ca49018a698b8763d9382,
        type: 3}
      propertyPath: m_ConnectedAnchor.y
      value: 0.010437222
      objectReference: {fileID: 0}
    - target: {fileID: 6240085686569107126, guid: d1409aaf6f3ca49018a698b8763d9382,
        type: 3}
      propertyPath: m_ConnectedAnchor.z
      value: -0.000000014435502
      objectReference: {fileID: 0}
    m_RemovedComponents: []
  m_SourcePrefab: {fileID: 100100000, guid: d1409aaf6f3ca49018a698b8763d9382, type: 3}
--- !u!4 &5953919372677727893 stripped
Transform:
  m_CorrespondingSourceObject: {fileID: 4665398389262057674, guid: d1409aaf6f3ca49018a698b8763d9382,
    type: 3}
  m_PrefabInstance: {fileID: 1305552419138094687}
  m_PrefabAsset: {fileID: 0}
--- !u!1001 &2467200182780037116
PrefabInstance:
  m_ObjectHideFlags: 0
  serializedVersion: 2
  m_Modification:
    m_TransformParent: {fileID: 7757029075378950263}
    m_Modifications:
    - target: {fileID: 6972027734774888337, guid: 7b4beb7fafcbc4d06ba09b233b1a94ab,
        type: 3}
      propertyPath: m_Name
      value: BlackEnvironment (2)
      objectReference: {fileID: 0}
    - target: {fileID: 6972027734774888341, guid: 7b4beb7fafcbc4d06ba09b233b1a94ab,
        type: 3}
      propertyPath: m_LocalPosition.x
      value: 0
      objectReference: {fileID: 0}
    - target: {fileID: 6972027734774888341, guid: 7b4beb7fafcbc4d06ba09b233b1a94ab,
        type: 3}
      propertyPath: m_LocalPosition.y
      value: 0
      objectReference: {fileID: 0}
    - target: {fileID: 6972027734774888341, guid: 7b4beb7fafcbc4d06ba09b233b1a94ab,
        type: 3}
      propertyPath: m_LocalPosition.z
      value: -2
      objectReference: {fileID: 0}
    - target: {fileID: 6972027734774888341, guid: 7b4beb7fafcbc4d06ba09b233b1a94ab,
        type: 3}
      propertyPath: m_LocalRotation.x
      value: 0
      objectReference: {fileID: 0}
    - target: {fileID: 6972027734774888341, guid: 7b4beb7fafcbc4d06ba09b233b1a94ab,
        type: 3}
      propertyPath: m_LocalRotation.y
      value: 0.7071068
      objectReference: {fileID: 0}
    - target: {fileID: 6972027734774888341, guid: 7b4beb7fafcbc4d06ba09b233b1a94ab,
        type: 3}
      propertyPath: m_LocalRotation.z
      value: 0
      objectReference: {fileID: 0}
    - target: {fileID: 6972027734774888341, guid: 7b4beb7fafcbc4d06ba09b233b1a94ab,
        type: 3}
      propertyPath: m_LocalRotation.w
      value: 0.7071068
      objectReference: {fileID: 0}
    - target: {fileID: 6972027734774888341, guid: 7b4beb7fafcbc4d06ba09b233b1a94ab,
        type: 3}
      propertyPath: m_RootOrder
      value: 3
      objectReference: {fileID: 0}
    - target: {fileID: 6972027734774888341, guid: 7b4beb7fafcbc4d06ba09b233b1a94ab,
        type: 3}
      propertyPath: m_LocalEulerAnglesHint.x
      value: 0
      objectReference: {fileID: 0}
    - target: {fileID: 6972027734774888341, guid: 7b4beb7fafcbc4d06ba09b233b1a94ab,
        type: 3}
      propertyPath: m_LocalEulerAnglesHint.y
      value: 0
      objectReference: {fileID: 0}
    - target: {fileID: 6972027734774888341, guid: 7b4beb7fafcbc4d06ba09b233b1a94ab,
        type: 3}
      propertyPath: m_LocalEulerAnglesHint.z
      value: 0
      objectReference: {fileID: 0}
    - target: {fileID: 6972027734774888341, guid: 7b4beb7fafcbc4d06ba09b233b1a94ab,
        type: 3}
      propertyPath: m_LocalScale.z
      value: 1
      objectReference: {fileID: 0}
    - target: {fileID: 6972027734774888341, guid: 7b4beb7fafcbc4d06ba09b233b1a94ab,
        type: 3}
      propertyPath: m_LocalScale.x
      value: 1
      objectReference: {fileID: 0}
    - target: {fileID: 6972027734774888341, guid: 7b4beb7fafcbc4d06ba09b233b1a94ab,
        type: 3}
      propertyPath: m_LocalScale.y
      value: 2
      objectReference: {fileID: 0}
    m_RemovedComponents: []
  m_SourcePrefab: {fileID: 100100000, guid: 7b4beb7fafcbc4d06ba09b233b1a94ab, type: 3}
--- !u!4 &4826978330552021097 stripped
Transform:
  m_CorrespondingSourceObject: {fileID: 6972027734774888341, guid: 7b4beb7fafcbc4d06ba09b233b1a94ab,
    type: 3}
  m_PrefabInstance: {fileID: 2467200182780037116}
  m_PrefabAsset: {fileID: 0}
--- !u!1001 &3887935523345197458
PrefabInstance:
  m_ObjectHideFlags: 0
  serializedVersion: 2
  m_Modification:
    m_TransformParent: {fileID: 7757029075378950263}
    m_Modifications:
    - target: {fileID: 6972027734774888337, guid: 7b4beb7fafcbc4d06ba09b233b1a94ab,
        type: 3}
      propertyPath: m_Name
      value: BlackEnvironment (3)
      objectReference: {fileID: 0}
    - target: {fileID: 6972027734774888341, guid: 7b4beb7fafcbc4d06ba09b233b1a94ab,
        type: 3}
      propertyPath: m_LocalPosition.x
      value: 3
      objectReference: {fileID: 0}
    - target: {fileID: 6972027734774888341, guid: 7b4beb7fafcbc4d06ba09b233b1a94ab,
        type: 3}
      propertyPath: m_LocalPosition.y
      value: 0
      objectReference: {fileID: 0}
    - target: {fileID: 6972027734774888341, guid: 7b4beb7fafcbc4d06ba09b233b1a94ab,
        type: 3}
      propertyPath: m_LocalPosition.z
      value: -5
      objectReference: {fileID: 0}
    - target: {fileID: 6972027734774888341, guid: 7b4beb7fafcbc4d06ba09b233b1a94ab,
        type: 3}
      propertyPath: m_LocalRotation.x
      value: 0
      objectReference: {fileID: 0}
    - target: {fileID: 6972027734774888341, guid: 7b4beb7fafcbc4d06ba09b233b1a94ab,
        type: 3}
      propertyPath: m_LocalRotation.y
      value: 0.7071068
      objectReference: {fileID: 0}
    - target: {fileID: 6972027734774888341, guid: 7b4beb7fafcbc4d06ba09b233b1a94ab,
        type: 3}
      propertyPath: m_LocalRotation.z
      value: 0
      objectReference: {fileID: 0}
    - target: {fileID: 6972027734774888341, guid: 7b4beb7fafcbc4d06ba09b233b1a94ab,
        type: 3}
      propertyPath: m_LocalRotation.w
      value: 0.7071068
      objectReference: {fileID: 0}
    - target: {fileID: 6972027734774888341, guid: 7b4beb7fafcbc4d06ba09b233b1a94ab,
        type: 3}
      propertyPath: m_RootOrder
      value: 4
      objectReference: {fileID: 0}
    - target: {fileID: 6972027734774888341, guid: 7b4beb7fafcbc4d06ba09b233b1a94ab,
        type: 3}
      propertyPath: m_LocalEulerAnglesHint.x
      value: 0
      objectReference: {fileID: 0}
    - target: {fileID: 6972027734774888341, guid: 7b4beb7fafcbc4d06ba09b233b1a94ab,
        type: 3}
      propertyPath: m_LocalEulerAnglesHint.y
      value: 0
      objectReference: {fileID: 0}
    - target: {fileID: 6972027734774888341, guid: 7b4beb7fafcbc4d06ba09b233b1a94ab,
        type: 3}
      propertyPath: m_LocalEulerAnglesHint.z
      value: 0
      objectReference: {fileID: 0}
    - target: {fileID: 6972027734774888341, guid: 7b4beb7fafcbc4d06ba09b233b1a94ab,
        type: 3}
      propertyPath: m_LocalScale.z
      value: 1
      objectReference: {fileID: 0}
    - target: {fileID: 6972027734774888341, guid: 7b4beb7fafcbc4d06ba09b233b1a94ab,
        type: 3}
      propertyPath: m_LocalScale.x
      value: 1
      objectReference: {fileID: 0}
    - target: {fileID: 6972027734774888341, guid: 7b4beb7fafcbc4d06ba09b233b1a94ab,
        type: 3}
      propertyPath: m_LocalScale.y
      value: 2
      objectReference: {fileID: 0}
    m_RemovedComponents: []
  m_SourcePrefab: {fileID: 100100000, guid: 7b4beb7fafcbc4d06ba09b233b1a94ab, type: 3}
--- !u!4 &6139856047276383751 stripped
Transform:
  m_CorrespondingSourceObject: {fileID: 6972027734774888341, guid: 7b4beb7fafcbc4d06ba09b233b1a94ab,
    type: 3}
  m_PrefabInstance: {fileID: 3887935523345197458}
  m_PrefabAsset: {fileID: 0}
--- !u!1001 &3976505197958331612
PrefabInstance:
  m_ObjectHideFlags: 0
  serializedVersion: 2
  m_Modification:
    m_TransformParent: {fileID: 7757029075378950263}
    m_Modifications:
    - target: {fileID: 6972027734774888337, guid: 7b4beb7fafcbc4d06ba09b233b1a94ab,
        type: 3}
      propertyPath: m_Name
      value: BlackEnvironment (6)
      objectReference: {fileID: 0}
    - target: {fileID: 6972027734774888341, guid: 7b4beb7fafcbc4d06ba09b233b1a94ab,
        type: 3}
      propertyPath: m_LocalPosition.x
      value: 3
      objectReference: {fileID: 0}
    - target: {fileID: 6972027734774888341, guid: 7b4beb7fafcbc4d06ba09b233b1a94ab,
        type: 3}
      propertyPath: m_LocalPosition.y
      value: 0
      objectReference: {fileID: 0}
    - target: {fileID: 6972027734774888341, guid: 7b4beb7fafcbc4d06ba09b233b1a94ab,
        type: 3}
      propertyPath: m_LocalPosition.z
      value: 1
      objectReference: {fileID: 0}
    - target: {fileID: 6972027734774888341, guid: 7b4beb7fafcbc4d06ba09b233b1a94ab,
        type: 3}
      propertyPath: m_LocalRotation.x
      value: 0
      objectReference: {fileID: 0}
    - target: {fileID: 6972027734774888341, guid: 7b4beb7fafcbc4d06ba09b233b1a94ab,
        type: 3}
      propertyPath: m_LocalRotation.y
      value: 0.7071068
      objectReference: {fileID: 0}
    - target: {fileID: 6972027734774888341, guid: 7b4beb7fafcbc4d06ba09b233b1a94ab,
        type: 3}
      propertyPath: m_LocalRotation.z
      value: 0
      objectReference: {fileID: 0}
    - target: {fileID: 6972027734774888341, guid: 7b4beb7fafcbc4d06ba09b233b1a94ab,
        type: 3}
      propertyPath: m_LocalRotation.w
      value: 0.7071068
      objectReference: {fileID: 0}
    - target: {fileID: 6972027734774888341, guid: 7b4beb7fafcbc4d06ba09b233b1a94ab,
        type: 3}
      propertyPath: m_RootOrder
      value: 6
      objectReference: {fileID: 0}
    - target: {fileID: 6972027734774888341, guid: 7b4beb7fafcbc4d06ba09b233b1a94ab,
        type: 3}
      propertyPath: m_LocalEulerAnglesHint.x
      value: 0
      objectReference: {fileID: 0}
    - target: {fileID: 6972027734774888341, guid: 7b4beb7fafcbc4d06ba09b233b1a94ab,
        type: 3}
      propertyPath: m_LocalEulerAnglesHint.y
      value: 0
      objectReference: {fileID: 0}
    - target: {fileID: 6972027734774888341, guid: 7b4beb7fafcbc4d06ba09b233b1a94ab,
        type: 3}
      propertyPath: m_LocalEulerAnglesHint.z
      value: 0
      objectReference: {fileID: 0}
    - target: {fileID: 6972027734774888341, guid: 7b4beb7fafcbc4d06ba09b233b1a94ab,
        type: 3}
      propertyPath: m_LocalScale.z
      value: 1
      objectReference: {fileID: 0}
    - target: {fileID: 6972027734774888341, guid: 7b4beb7fafcbc4d06ba09b233b1a94ab,
        type: 3}
      propertyPath: m_LocalScale.x
      value: 1
      objectReference: {fileID: 0}
    - target: {fileID: 6972027734774888341, guid: 7b4beb7fafcbc4d06ba09b233b1a94ab,
        type: 3}
      propertyPath: m_LocalScale.y
      value: 2
      objectReference: {fileID: 0}
    m_RemovedComponents: []
  m_SourcePrefab: {fileID: 100100000, guid: 7b4beb7fafcbc4d06ba09b233b1a94ab, type: 3}
--- !u!4 &6336278947451456329 stripped
Transform:
  m_CorrespondingSourceObject: {fileID: 6972027734774888341, guid: 7b4beb7fafcbc4d06ba09b233b1a94ab,
    type: 3}
  m_PrefabInstance: {fileID: 3976505197958331612}
  m_PrefabAsset: {fileID: 0}
--- !u!1001 &6340574329821787482
PrefabInstance:
  m_ObjectHideFlags: 0
  serializedVersion: 2
  m_Modification:
    m_TransformParent: {fileID: 7757029075378950263}
    m_Modifications:
    - target: {fileID: 17340276100783862, guid: d1409aaf6f3ca49018a698b8763d9382,
        type: 3}
      propertyPath: m_ConnectedAnchor.x
      value: 0.010083925
      objectReference: {fileID: 0}
    - target: {fileID: 17340276100783862, guid: d1409aaf6f3ca49018a698b8763d9382,
        type: 3}
      propertyPath: m_ConnectedAnchor.y
      value: 0.01137355
      objectReference: {fileID: 0}
    - target: {fileID: 17340276100783862, guid: d1409aaf6f3ca49018a698b8763d9382,
        type: 3}
      propertyPath: m_ConnectedAnchor.z
      value: -0.0012420375
      objectReference: {fileID: 0}
    - target: {fileID: 1182176072800956385, guid: d1409aaf6f3ca49018a698b8763d9382,
        type: 3}
      propertyPath: m_ConnectedAnchor.y
      value: 0.01137355
      objectReference: {fileID: 0}
    - target: {fileID: 1182176072800956385, guid: d1409aaf6f3ca49018a698b8763d9382,
        type: 3}
      propertyPath: m_ConnectedAnchor.z
      value: -0.0012420384
      objectReference: {fileID: 0}
    - target: {fileID: 1297014775788128399, guid: d1409aaf6f3ca49018a698b8763d9382,
        type: 3}
      propertyPath: m_ConnectedAnchor.x
      value: -0.000000020489097
      objectReference: {fileID: 0}
    - target: {fileID: 1297014775788128399, guid: d1409aaf6f3ca49018a698b8763d9382,
        type: 3}
      propertyPath: m_ConnectedAnchor.y
      value: 0.010437214
      objectReference: {fileID: 0}
    - target: {fileID: 1297014775788128399, guid: d1409aaf6f3ca49018a698b8763d9382,
        type: 3}
      propertyPath: m_ConnectedAnchor.z
      value: 0.0000000013969841
      objectReference: {fileID: 0}
    - target: {fileID: 1495259284824307118, guid: d1409aaf6f3ca49018a698b8763d9382,
        type: 3}
      propertyPath: m_ConnectedAnchor.x
      value: -0.000000010041883
      objectReference: {fileID: 0}
    - target: {fileID: 1495259284824307118, guid: d1409aaf6f3ca49018a698b8763d9382,
        type: 3}
      propertyPath: m_ConnectedAnchor.y
      value: 0.019915612
      objectReference: {fileID: 0}
    - target: {fileID: 1495259284824307118, guid: d1409aaf6f3ca49018a698b8763d9382,
        type: 3}
      propertyPath: m_ConnectedAnchor.z
      value: -0.00018996888
      objectReference: {fileID: 0}
    - target: {fileID: 2905080303338924950, guid: d1409aaf6f3ca49018a698b8763d9382,
        type: 3}
      propertyPath: m_ConnectedAnchor.x
      value: -0.000000008061771
      objectReference: {fileID: 0}
    - target: {fileID: 2905080303338924950, guid: d1409aaf6f3ca49018a698b8763d9382,
        type: 3}
      propertyPath: m_ConnectedAnchor.y
      value: 0.021108389
      objectReference: {fileID: 0}
    - target: {fileID: 2905080303338924950, guid: d1409aaf6f3ca49018a698b8763d9382,
        type: 3}
      propertyPath: m_ConnectedAnchor.z
      value: -0.000000003841846
      objectReference: {fileID: 0}
    - target: {fileID: 3431436035991585268, guid: d1409aaf6f3ca49018a698b8763d9382,
        type: 3}
      propertyPath: m_ConnectedAnchor.x
      value: -0.000000008900191
      objectReference: {fileID: 0}
    - target: {fileID: 3431436035991585268, guid: d1409aaf6f3ca49018a698b8763d9382,
        type: 3}
      propertyPath: m_ConnectedAnchor.y
      value: 0.024322286
      objectReference: {fileID: 0}
    - target: {fileID: 3431436035991585268, guid: d1409aaf6f3ca49018a698b8763d9382,
        type: 3}
      propertyPath: m_ConnectedAnchor.z
      value: -0.0018553084
      objectReference: {fileID: 0}
    - target: {fileID: 4473079936279977056, guid: d1409aaf6f3ca49018a698b8763d9382,
        type: 3}
      propertyPath: m_ConnectedAnchor.x
      value: -0.0077029304
      objectReference: {fileID: 0}
    - target: {fileID: 4473079936279977056, guid: d1409aaf6f3ca49018a698b8763d9382,
        type: 3}
      propertyPath: m_ConnectedAnchor.y
      value: 0.0019972487
      objectReference: {fileID: 0}
    - target: {fileID: 4473079936279977056, guid: d1409aaf6f3ca49018a698b8763d9382,
        type: 3}
      propertyPath: m_ConnectedAnchor.z
      value: -0.0018432692
      objectReference: {fileID: 0}
    - target: {fileID: 4644060609358044412, guid: d1409aaf6f3ca49018a698b8763d9382,
        type: 3}
      propertyPath: m_ConnectedAnchor.y
      value: 0.0019972497
      objectReference: {fileID: 0}
    - target: {fileID: 4644060609358044412, guid: d1409aaf6f3ca49018a698b8763d9382,
        type: 3}
      propertyPath: m_ConnectedAnchor.z
      value: -0.0018432566
      objectReference: {fileID: 0}
    - target: {fileID: 4665398389261900970, guid: d1409aaf6f3ca49018a698b8763d9382,
        type: 3}
      propertyPath: m_Name
      value: EnemyLevel1 (1)
      objectReference: {fileID: 0}
    - target: {fileID: 4665398389262057674, guid: d1409aaf6f3ca49018a698b8763d9382,
        type: 3}
      propertyPath: m_LocalPosition.x
      value: 3
      objectReference: {fileID: 0}
    - target: {fileID: 4665398389262057674, guid: d1409aaf6f3ca49018a698b8763d9382,
        type: 3}
      propertyPath: m_LocalPosition.y
      value: 0
      objectReference: {fileID: 0}
    - target: {fileID: 4665398389262057674, guid: d1409aaf6f3ca49018a698b8763d9382,
        type: 3}
      propertyPath: m_LocalPosition.z
      value: -2
      objectReference: {fileID: 0}
    - target: {fileID: 4665398389262057674, guid: d1409aaf6f3ca49018a698b8763d9382,
        type: 3}
      propertyPath: m_LocalRotation.x
      value: -0
      objectReference: {fileID: 0}
    - target: {fileID: 4665398389262057674, guid: d1409aaf6f3ca49018a698b8763d9382,
        type: 3}
      propertyPath: m_LocalRotation.y
      value: 1
      objectReference: {fileID: 0}
    - target: {fileID: 4665398389262057674, guid: d1409aaf6f3ca49018a698b8763d9382,
        type: 3}
      propertyPath: m_LocalRotation.z
      value: -0
      objectReference: {fileID: 0}
    - target: {fileID: 4665398389262057674, guid: d1409aaf6f3ca49018a698b8763d9382,
        type: 3}
      propertyPath: m_LocalRotation.w
      value: 0.00000028088027
      objectReference: {fileID: 0}
    - target: {fileID: 4665398389262057674, guid: d1409aaf6f3ca49018a698b8763d9382,
        type: 3}
      propertyPath: m_RootOrder
      value: 1
      objectReference: {fileID: 0}
    - target: {fileID: 4665398389262057674, guid: d1409aaf6f3ca49018a698b8763d9382,
        type: 3}
      propertyPath: m_LocalEulerAnglesHint.x
      value: 0
      objectReference: {fileID: 0}
    - target: {fileID: 4665398389262057674, guid: d1409aaf6f3ca49018a698b8763d9382,
        type: 3}
      propertyPath: m_LocalEulerAnglesHint.y
      value: 179.99998
      objectReference: {fileID: 0}
    - target: {fileID: 4665398389262057674, guid: d1409aaf6f3ca49018a698b8763d9382,
        type: 3}
      propertyPath: m_LocalEulerAnglesHint.z
      value: 0
      objectReference: {fileID: 0}
    - target: {fileID: 5341239823758961445, guid: d1409aaf6f3ca49018a698b8763d9382,
        type: 3}
      propertyPath: m_ConnectedAnchor.x
      value: 0.00000000384171
      objectReference: {fileID: 0}
    - target: {fileID: 5341239823758961445, guid: d1409aaf6f3ca49018a698b8763d9382,
        type: 3}
      propertyPath: m_ConnectedAnchor.z
      value: -0.000000011641954
      objectReference: {fileID: 0}
    - target: {fileID: 6240085686569107126, guid: d1409aaf6f3ca49018a698b8763d9382,
        type: 3}
      propertyPath: m_ConnectedAnchor.x
      value: 0.000000011175873
      objectReference: {fileID: 0}
    - target: {fileID: 6240085686569107126, guid: d1409aaf6f3ca49018a698b8763d9382,
        type: 3}
      propertyPath: m_ConnectedAnchor.y
      value: 0.010437224
      objectReference: {fileID: 0}
    - target: {fileID: 6240085686569107126, guid: d1409aaf6f3ca49018a698b8763d9382,
        type: 3}
      propertyPath: m_ConnectedAnchor.z
      value: -0.0000000039581214
      objectReference: {fileID: 0}
    m_RemovedComponents: []
  m_SourcePrefab: {fileID: 100100000, guid: d1409aaf6f3ca49018a698b8763d9382, type: 3}
--- !u!4 &1675600605686134160 stripped
Transform:
  m_CorrespondingSourceObject: {fileID: 4665398389262057674, guid: d1409aaf6f3ca49018a698b8763d9382,
    type: 3}
  m_PrefabInstance: {fileID: 6340574329821787482}
  m_PrefabAsset: {fileID: 0}
--- !u!1001 &7084816175593514530
PrefabInstance:
  m_ObjectHideFlags: 0
  serializedVersion: 2
  m_Modification:
    m_TransformParent: {fileID: 7757029075378950263}
    m_Modifications:
    - target: {fileID: 17340276100783862, guid: d1409aaf6f3ca49018a698b8763d9382,
        type: 3}
      propertyPath: m_ConnectedAnchor.x
      value: 0.010083925
      objectReference: {fileID: 0}
    - target: {fileID: 17340276100783862, guid: d1409aaf6f3ca49018a698b8763d9382,
        type: 3}
      propertyPath: m_ConnectedAnchor.y
      value: 0.01137355
      objectReference: {fileID: 0}
    - target: {fileID: 17340276100783862, guid: d1409aaf6f3ca49018a698b8763d9382,
        type: 3}
      propertyPath: m_ConnectedAnchor.z
      value: -0.0012420375
      objectReference: {fileID: 0}
    - target: {fileID: 1182176072800956385, guid: d1409aaf6f3ca49018a698b8763d9382,
        type: 3}
      propertyPath: m_ConnectedAnchor.y
      value: 0.01137355
      objectReference: {fileID: 0}
    - target: {fileID: 1182176072800956385, guid: d1409aaf6f3ca49018a698b8763d9382,
        type: 3}
      propertyPath: m_ConnectedAnchor.z
      value: -0.0012420384
      objectReference: {fileID: 0}
    - target: {fileID: 1297014775788128399, guid: d1409aaf6f3ca49018a698b8763d9382,
        type: 3}
      propertyPath: m_ConnectedAnchor.x
      value: -0.000000020489097
      objectReference: {fileID: 0}
    - target: {fileID: 1297014775788128399, guid: d1409aaf6f3ca49018a698b8763d9382,
        type: 3}
      propertyPath: m_ConnectedAnchor.y
      value: 0.010437214
      objectReference: {fileID: 0}
    - target: {fileID: 1297014775788128399, guid: d1409aaf6f3ca49018a698b8763d9382,
        type: 3}
      propertyPath: m_ConnectedAnchor.z
      value: 0.0000000013969841
      objectReference: {fileID: 0}
    - target: {fileID: 1495259284824307118, guid: d1409aaf6f3ca49018a698b8763d9382,
        type: 3}
      propertyPath: m_ConnectedAnchor.x
      value: -0.000000010041883
      objectReference: {fileID: 0}
    - target: {fileID: 1495259284824307118, guid: d1409aaf6f3ca49018a698b8763d9382,
        type: 3}
      propertyPath: m_ConnectedAnchor.y
      value: 0.019915612
      objectReference: {fileID: 0}
    - target: {fileID: 1495259284824307118, guid: d1409aaf6f3ca49018a698b8763d9382,
        type: 3}
      propertyPath: m_ConnectedAnchor.z
      value: -0.00018996888
      objectReference: {fileID: 0}
    - target: {fileID: 2905080303338924950, guid: d1409aaf6f3ca49018a698b8763d9382,
        type: 3}
      propertyPath: m_ConnectedAnchor.x
      value: -0.000000008061771
      objectReference: {fileID: 0}
    - target: {fileID: 2905080303338924950, guid: d1409aaf6f3ca49018a698b8763d9382,
        type: 3}
      propertyPath: m_ConnectedAnchor.y
      value: 0.021108389
      objectReference: {fileID: 0}
    - target: {fileID: 2905080303338924950, guid: d1409aaf6f3ca49018a698b8763d9382,
        type: 3}
      propertyPath: m_ConnectedAnchor.z
      value: -0.000000003841846
      objectReference: {fileID: 0}
    - target: {fileID: 3431436035991585268, guid: d1409aaf6f3ca49018a698b8763d9382,
        type: 3}
      propertyPath: m_ConnectedAnchor.x
      value: -0.000000008900191
      objectReference: {fileID: 0}
    - target: {fileID: 3431436035991585268, guid: d1409aaf6f3ca49018a698b8763d9382,
        type: 3}
      propertyPath: m_ConnectedAnchor.y
      value: 0.024322286
      objectReference: {fileID: 0}
    - target: {fileID: 3431436035991585268, guid: d1409aaf6f3ca49018a698b8763d9382,
        type: 3}
      propertyPath: m_ConnectedAnchor.z
      value: -0.0018553084
      objectReference: {fileID: 0}
    - target: {fileID: 4473079936279977056, guid: d1409aaf6f3ca49018a698b8763d9382,
        type: 3}
      propertyPath: m_ConnectedAnchor.x
      value: -0.0077029304
      objectReference: {fileID: 0}
    - target: {fileID: 4473079936279977056, guid: d1409aaf6f3ca49018a698b8763d9382,
        type: 3}
      propertyPath: m_ConnectedAnchor.y
      value: 0.0019972487
      objectReference: {fileID: 0}
    - target: {fileID: 4473079936279977056, guid: d1409aaf6f3ca49018a698b8763d9382,
        type: 3}
      propertyPath: m_ConnectedAnchor.z
      value: -0.0018432692
      objectReference: {fileID: 0}
    - target: {fileID: 4644060609358044412, guid: d1409aaf6f3ca49018a698b8763d9382,
        type: 3}
      propertyPath: m_ConnectedAnchor.y
      value: 0.0019972497
      objectReference: {fileID: 0}
    - target: {fileID: 4644060609358044412, guid: d1409aaf6f3ca49018a698b8763d9382,
        type: 3}
      propertyPath: m_ConnectedAnchor.z
      value: -0.0018432566
      objectReference: {fileID: 0}
    - target: {fileID: 4665398389261900970, guid: d1409aaf6f3ca49018a698b8763d9382,
        type: 3}
      propertyPath: m_Name
      value: EnemyLevel1 (2)
      objectReference: {fileID: 0}
    - target: {fileID: 4665398389262057674, guid: d1409aaf6f3ca49018a698b8763d9382,
        type: 3}
      propertyPath: m_LocalPosition.x
      value: -3
      objectReference: {fileID: 0}
    - target: {fileID: 4665398389262057674, guid: d1409aaf6f3ca49018a698b8763d9382,
        type: 3}
      propertyPath: m_LocalPosition.y
      value: 0
      objectReference: {fileID: 0}
    - target: {fileID: 4665398389262057674, guid: d1409aaf6f3ca49018a698b8763d9382,
        type: 3}
      propertyPath: m_LocalPosition.z
      value: -2
      objectReference: {fileID: 0}
    - target: {fileID: 4665398389262057674, guid: d1409aaf6f3ca49018a698b8763d9382,
        type: 3}
      propertyPath: m_LocalRotation.x
      value: -0
      objectReference: {fileID: 0}
    - target: {fileID: 4665398389262057674, guid: d1409aaf6f3ca49018a698b8763d9382,
        type: 3}
      propertyPath: m_LocalRotation.y
      value: 1
      objectReference: {fileID: 0}
    - target: {fileID: 4665398389262057674, guid: d1409aaf6f3ca49018a698b8763d9382,
        type: 3}
      propertyPath: m_LocalRotation.z
      value: -0
      objectReference: {fileID: 0}
    - target: {fileID: 4665398389262057674, guid: d1409aaf6f3ca49018a698b8763d9382,
        type: 3}
      propertyPath: m_LocalRotation.w
      value: 0.00000028088027
      objectReference: {fileID: 0}
    - target: {fileID: 4665398389262057674, guid: d1409aaf6f3ca49018a698b8763d9382,
        type: 3}
      propertyPath: m_RootOrder
      value: 2
      objectReference: {fileID: 0}
    - target: {fileID: 4665398389262057674, guid: d1409aaf6f3ca49018a698b8763d9382,
        type: 3}
      propertyPath: m_LocalEulerAnglesHint.x
      value: 0
      objectReference: {fileID: 0}
    - target: {fileID: 4665398389262057674, guid: d1409aaf6f3ca49018a698b8763d9382,
        type: 3}
      propertyPath: m_LocalEulerAnglesHint.y
      value: 179.99998
      objectReference: {fileID: 0}
    - target: {fileID: 4665398389262057674, guid: d1409aaf6f3ca49018a698b8763d9382,
        type: 3}
      propertyPath: m_LocalEulerAnglesHint.z
      value: 0
      objectReference: {fileID: 0}
    - target: {fileID: 5341239823758961445, guid: d1409aaf6f3ca49018a698b8763d9382,
        type: 3}
      propertyPath: m_ConnectedAnchor.x
      value: 0.00000000384171
      objectReference: {fileID: 0}
    - target: {fileID: 5341239823758961445, guid: d1409aaf6f3ca49018a698b8763d9382,
        type: 3}
      propertyPath: m_ConnectedAnchor.z
      value: -0.000000011641954
      objectReference: {fileID: 0}
    - target: {fileID: 5341239823758961445, guid: d1409aaf6f3ca49018a698b8763d9382,
        type: 3}
      propertyPath: m_ConnectedAnchor.y
      value: 0.021108394
      objectReference: {fileID: 0}
    - target: {fileID: 6240085686569107126, guid: d1409aaf6f3ca49018a698b8763d9382,
        type: 3}
      propertyPath: m_ConnectedAnchor.x
      value: 0.000000011175873
      objectReference: {fileID: 0}
    - target: {fileID: 6240085686569107126, guid: d1409aaf6f3ca49018a698b8763d9382,
        type: 3}
      propertyPath: m_ConnectedAnchor.y
      value: 0.010437224
      objectReference: {fileID: 0}
    - target: {fileID: 6240085686569107126, guid: d1409aaf6f3ca49018a698b8763d9382,
        type: 3}
      propertyPath: m_ConnectedAnchor.z
      value: -0.0000000039581214
      objectReference: {fileID: 0}
    m_RemovedComponents: []
  m_SourcePrefab: {fileID: 100100000, guid: d1409aaf6f3ca49018a698b8763d9382, type: 3}
--- !u!4 &2516529071716067048 stripped
Transform:
  m_CorrespondingSourceObject: {fileID: 4665398389262057674, guid: d1409aaf6f3ca49018a698b8763d9382,
    type: 3}
  m_PrefabInstance: {fileID: 7084816175593514530}
  m_PrefabAsset: {fileID: 0}
--- !u!1001 &8619871547586444819
PrefabInstance:
  m_ObjectHideFlags: 0
  serializedVersion: 2
  m_Modification:
    m_TransformParent: {fileID: 7757029075378950263}
    m_Modifications:
    - target: {fileID: 32590463929998885, guid: a2227d38099164f9ea4fec61bee14dda,
        type: 3}
      propertyPath: m_ConnectedAnchor.x
      value: 1.1641546e-10
      objectReference: {fileID: 0}
    - target: {fileID: 32590463929998885, guid: a2227d38099164f9ea4fec61bee14dda,
        type: 3}
      propertyPath: m_ConnectedAnchor.z
      value: -4.6567816e-10
      objectReference: {fileID: 0}
    - target: {fileID: 281913908308828760, guid: a2227d38099164f9ea4fec61bee14dda,
        type: 3}
      propertyPath: m_ConnectedAnchor.x
      value: -0.00000002165325
      objectReference: {fileID: 0}
    - target: {fileID: 281913908308828760, guid: a2227d38099164f9ea4fec61bee14dda,
        type: 3}
      propertyPath: m_ConnectedAnchor.y
      value: 0.01043721
      objectReference: {fileID: 0}
    - target: {fileID: 281913908308828760, guid: a2227d38099164f9ea4fec61bee14dda,
        type: 3}
      propertyPath: m_ConnectedAnchor.z
      value: 9.313227e-10
      objectReference: {fileID: 0}
    - target: {fileID: 540692074110072957, guid: a2227d38099164f9ea4fec61bee14dda,
        type: 3}
      propertyPath: m_ConnectedAnchor.x
      value: -0.0077029252
      objectReference: {fileID: 0}
    - target: {fileID: 540692074110072957, guid: a2227d38099164f9ea4fec61bee14dda,
        type: 3}
      propertyPath: m_ConnectedAnchor.y
      value: 0.001997249
      objectReference: {fileID: 0}
    - target: {fileID: 540692074110072957, guid: a2227d38099164f9ea4fec61bee14dda,
        type: 3}
      propertyPath: m_ConnectedAnchor.z
      value: -0.0018432632
      objectReference: {fileID: 0}
    - target: {fileID: 1830548543789366682, guid: a2227d38099164f9ea4fec61bee14dda,
        type: 3}
      propertyPath: m_ConnectedAnchor.y
      value: 0.01137355
      objectReference: {fileID: 0}
    - target: {fileID: 1830548543789366682, guid: a2227d38099164f9ea4fec61bee14dda,
        type: 3}
      propertyPath: m_ConnectedAnchor.z
      value: -0.0012420375
      objectReference: {fileID: 0}
    - target: {fileID: 2267420513521056984, guid: a2227d38099164f9ea4fec61bee14dda,
        type: 3}
      propertyPath: m_ConnectedAnchor.x
      value: -6.4028505e-10
      objectReference: {fileID: 0}
    - target: {fileID: 2267420513521056984, guid: a2227d38099164f9ea4fec61bee14dda,
        type: 3}
      propertyPath: m_ConnectedAnchor.y
      value: 0.021108394
      objectReference: {fileID: 0}
    - target: {fileID: 2267420513521056984, guid: a2227d38099164f9ea4fec61bee14dda,
        type: 3}
      propertyPath: m_ConnectedAnchor.z
      value: 0.000000001629874
      objectReference: {fileID: 0}
    - target: {fileID: 3777441923108264892, guid: a2227d38099164f9ea4fec61bee14dda,
        type: 3}
      propertyPath: m_ConnectedAnchor.x
      value: 0.0077029252
      objectReference: {fileID: 0}
    - target: {fileID: 3777441923108264892, guid: a2227d38099164f9ea4fec61bee14dda,
        type: 3}
      propertyPath: m_ConnectedAnchor.y
      value: 0.001997249
      objectReference: {fileID: 0}
    - target: {fileID: 3777441923108264892, guid: a2227d38099164f9ea4fec61bee14dda,
        type: 3}
      propertyPath: m_ConnectedAnchor.z
      value: -0.0018432678
      objectReference: {fileID: 0}
    - target: {fileID: 4764139380776096538, guid: a2227d38099164f9ea4fec61bee14dda,
        type: 3}
      propertyPath: m_ConnectedAnchor.x
      value: 0.000000011175873
      objectReference: {fileID: 0}
    - target: {fileID: 4764139380776096538, guid: a2227d38099164f9ea4fec61bee14dda,
        type: 3}
      propertyPath: m_ConnectedAnchor.y
      value: 0.010437224
      objectReference: {fileID: 0}
    - target: {fileID: 4764139380776096538, guid: a2227d38099164f9ea4fec61bee14dda,
        type: 3}
      propertyPath: m_ConnectedAnchor.z
      value: -0.0000000039581214
      objectReference: {fileID: 0}
    - target: {fileID: 5463859073951553924, guid: a2227d38099164f9ea4fec61bee14dda,
        type: 3}
      propertyPath: m_ConnectedAnchor.x
      value: -2.1099929e-10
      objectReference: {fileID: 0}
    - target: {fileID: 5463859073951553924, guid: a2227d38099164f9ea4fec61bee14dda,
        type: 3}
      propertyPath: m_ConnectedAnchor.y
      value: 0.024322286
      objectReference: {fileID: 0}
    - target: {fileID: 5463859073951553924, guid: a2227d38099164f9ea4fec61bee14dda,
        type: 3}
      propertyPath: m_ConnectedAnchor.z
      value: -0.0018552972
      objectReference: {fileID: 0}
    - target: {fileID: 6635670674864049612, guid: a2227d38099164f9ea4fec61bee14dda,
        type: 3}
      propertyPath: m_ConnectedAnchor.x
      value: -1.5045645e-11
      objectReference: {fileID: 0}
    - target: {fileID: 6635670674864049612, guid: a2227d38099164f9ea4fec61bee14dda,
        type: 3}
      propertyPath: m_ConnectedAnchor.y
      value: 0.01991561
      objectReference: {fileID: 0}
    - target: {fileID: 6635670674864049612, guid: a2227d38099164f9ea4fec61bee14dda,
        type: 3}
      propertyPath: m_ConnectedAnchor.z
      value: -0.0001899768
      objectReference: {fileID: 0}
    - target: {fileID: 7091892142192342112, guid: a2227d38099164f9ea4fec61bee14dda,
        type: 3}
      propertyPath: m_LocalPosition.x
      value: 0
      objectReference: {fileID: 0}
    - target: {fileID: 7091892142192342112, guid: a2227d38099164f9ea4fec61bee14dda,
        type: 3}
      propertyPath: m_LocalPosition.y
      value: 0
      objectReference: {fileID: 0}
    - target: {fileID: 7091892142192342112, guid: a2227d38099164f9ea4fec61bee14dda,
        type: 3}
      propertyPath: m_LocalPosition.z
      value: 1
      objectReference: {fileID: 0}
    - target: {fileID: 7091892142192342112, guid: a2227d38099164f9ea4fec61bee14dda,
        type: 3}
      propertyPath: m_LocalRotation.x
      value: -0
      objectReference: {fileID: 0}
    - target: {fileID: 7091892142192342112, guid: a2227d38099164f9ea4fec61bee14dda,
        type: 3}
      propertyPath: m_LocalRotation.y
      value: 1
      objectReference: {fileID: 0}
    - target: {fileID: 7091892142192342112, guid: a2227d38099164f9ea4fec61bee14dda,
        type: 3}
      propertyPath: m_LocalRotation.z
      value: -0
      objectReference: {fileID: 0}
    - target: {fileID: 7091892142192342112, guid: a2227d38099164f9ea4fec61bee14dda,
        type: 3}
      propertyPath: m_LocalRotation.w
      value: 0.00000028088027
      objectReference: {fileID: 0}
    - target: {fileID: 7091892142192342112, guid: a2227d38099164f9ea4fec61bee14dda,
        type: 3}
      propertyPath: m_RootOrder
      value: 8
      objectReference: {fileID: 0}
    - target: {fileID: 7091892142192342112, guid: a2227d38099164f9ea4fec61bee14dda,
        type: 3}
      propertyPath: m_LocalEulerAnglesHint.x
      value: 0
      objectReference: {fileID: 0}
    - target: {fileID: 7091892142192342112, guid: a2227d38099164f9ea4fec61bee14dda,
        type: 3}
      propertyPath: m_LocalEulerAnglesHint.y
      value: 179.99998
      objectReference: {fileID: 0}
    - target: {fileID: 7091892142192342112, guid: a2227d38099164f9ea4fec61bee14dda,
        type: 3}
      propertyPath: m_LocalEulerAnglesHint.z
      value: 0
      objectReference: {fileID: 0}
    - target: {fileID: 7091892142192568320, guid: a2227d38099164f9ea4fec61bee14dda,
        type: 3}
      propertyPath: m_Name
      value: EnemyweaponLevel1
      objectReference: {fileID: 0}
    - target: {fileID: 7281912664468862692, guid: a2227d38099164f9ea4fec61bee14dda,
        type: 3}
      propertyPath: m_ConnectedAnchor.x
      value: -0.010083925
      objectReference: {fileID: 0}
    - target: {fileID: 7281912664468862692, guid: a2227d38099164f9ea4fec61bee14dda,
        type: 3}
      propertyPath: m_ConnectedAnchor.y
      value: 0.01137355
      objectReference: {fileID: 0}
    - target: {fileID: 7281912664468862692, guid: a2227d38099164f9ea4fec61bee14dda,
        type: 3}
      propertyPath: m_ConnectedAnchor.z
      value: -0.0012420384
      objectReference: {fileID: 0}
    m_RemovedComponents: []
  m_SourcePrefab: {fileID: 100100000, guid: a2227d38099164f9ea4fec61bee14dda, type: 3}
--- !u!4 &1582058507402791539 stripped
Transform:
  m_CorrespondingSourceObject: {fileID: 7091892142192342112, guid: a2227d38099164f9ea4fec61bee14dda,
    type: 3}
  m_PrefabInstance: {fileID: 8619871547586444819}
  m_PrefabAsset: {fileID: 0}
--- !u!1001 &8881214018957606353
PrefabInstance:
  m_ObjectHideFlags: 0
  serializedVersion: 2
  m_Modification:
    m_TransformParent: {fileID: 7757029075378950263}
    m_Modifications:
    - target: {fileID: 6972027734774888337, guid: 7b4beb7fafcbc4d06ba09b233b1a94ab,
        type: 3}
      propertyPath: m_Name
      value: BlackEnvironment (4)
      objectReference: {fileID: 0}
    - target: {fileID: 6972027734774888341, guid: 7b4beb7fafcbc4d06ba09b233b1a94ab,
        type: 3}
      propertyPath: m_LocalPosition.x
      value: -3
      objectReference: {fileID: 0}
    - target: {fileID: 6972027734774888341, guid: 7b4beb7fafcbc4d06ba09b233b1a94ab,
        type: 3}
      propertyPath: m_LocalPosition.y
      value: 0
      objectReference: {fileID: 0}
    - target: {fileID: 6972027734774888341, guid: 7b4beb7fafcbc4d06ba09b233b1a94ab,
        type: 3}
      propertyPath: m_LocalPosition.z
      value: 1
      objectReference: {fileID: 0}
    - target: {fileID: 6972027734774888341, guid: 7b4beb7fafcbc4d06ba09b233b1a94ab,
        type: 3}
      propertyPath: m_LocalRotation.x
      value: 0
      objectReference: {fileID: 0}
    - target: {fileID: 6972027734774888341, guid: 7b4beb7fafcbc4d06ba09b233b1a94ab,
        type: 3}
      propertyPath: m_LocalRotation.y
      value: 0.7071068
      objectReference: {fileID: 0}
    - target: {fileID: 6972027734774888341, guid: 7b4beb7fafcbc4d06ba09b233b1a94ab,
        type: 3}
      propertyPath: m_LocalRotation.z
      value: 0
      objectReference: {fileID: 0}
    - target: {fileID: 6972027734774888341, guid: 7b4beb7fafcbc4d06ba09b233b1a94ab,
        type: 3}
      propertyPath: m_LocalRotation.w
      value: 0.7071068
      objectReference: {fileID: 0}
    - target: {fileID: 6972027734774888341, guid: 7b4beb7fafcbc4d06ba09b233b1a94ab,
        type: 3}
      propertyPath: m_RootOrder
      value: 5
      objectReference: {fileID: 0}
    - target: {fileID: 6972027734774888341, guid: 7b4beb7fafcbc4d06ba09b233b1a94ab,
        type: 3}
      propertyPath: m_LocalEulerAnglesHint.x
      value: 0
      objectReference: {fileID: 0}
    - target: {fileID: 6972027734774888341, guid: 7b4beb7fafcbc4d06ba09b233b1a94ab,
        type: 3}
      propertyPath: m_LocalEulerAnglesHint.y
      value: 0
      objectReference: {fileID: 0}
    - target: {fileID: 6972027734774888341, guid: 7b4beb7fafcbc4d06ba09b233b1a94ab,
        type: 3}
      propertyPath: m_LocalEulerAnglesHint.z
      value: 0
      objectReference: {fileID: 0}
    - target: {fileID: 6972027734774888341, guid: 7b4beb7fafcbc4d06ba09b233b1a94ab,
        type: 3}
      propertyPath: m_LocalScale.z
      value: 1
      objectReference: {fileID: 0}
    - target: {fileID: 6972027734774888341, guid: 7b4beb7fafcbc4d06ba09b233b1a94ab,
        type: 3}
      propertyPath: m_LocalScale.x
      value: 1
      objectReference: {fileID: 0}
    - target: {fileID: 6972027734774888341, guid: 7b4beb7fafcbc4d06ba09b233b1a94ab,
        type: 3}
      propertyPath: m_LocalScale.y
      value: 2
      objectReference: {fileID: 0}
    m_RemovedComponents: []
  m_SourcePrefab: {fileID: 100100000, guid: 7b4beb7fafcbc4d06ba09b233b1a94ab, type: 3}
--- !u!4 &1982137240318528068 stripped
Transform:
  m_CorrespondingSourceObject: {fileID: 6972027734774888341, guid: 7b4beb7fafcbc4d06ba09b233b1a94ab,
    type: 3}
  m_PrefabInstance: {fileID: 8881214018957606353}
  m_PrefabAsset: {fileID: 0}
